ID Customer,Zone,Country,Product,Sales Channel,Priority,Date Order,Order ID,Send Date,units, Unit Price, Unit Cost, Total Sales, Total Cost, Benefit
C2421,Europe,United Kingdom,Flour,Offline,Critical,10/12/2020,242113196,11/30/2020,5530,  152.58 € ,  97.44 € ,"  843,767.40 € ","  538,843.20 € ",  55.14 € 
C1908,Europe,Malta,Meat,Online,High,1/26/2020,190800607,1/28/2020,994,  421.89 € ,  364.69 € ,"  419,358.66 € ","  362,501.86 € ",  57.20 € 
C7652,Australia and Oceania,Marshall Islands,Oatmeal,Online,Critical,11/9/2020,765228068,11/21/2020,6845,  205.70 € ,  117.11 € ,"  1,408,016.50 € ","  801,617.95 € ",  88.59 € 
C2326,Africa,Iran,Orange,Offline,Low,8/21/2021,232631909,10/2/2021,9806,  9.33 € ,  6.92 € ,"  91,489.98 € ","  67,857.52 € ",  2.41 € 
C5305,Central America and Caribbean,Guatemala,Soy,Offline,Medium,9/30/2022,530560958,11/12/2022,3633,  255.28 € ,  159.42 € ,"  927,432.24 € ","  579,172.86 € ",  95.86 € 
C5168,Central America and Caribbean,Grenada,Came,Offline,Low,1/21/2022,516876542,2/21/2022,4110,  47.45 € ,  31.79 € ,"  195,019.50 € ","  130,656.90 € ",  15.66 € 
C9197,Australia and Oceania,Fiji,Flour,Offline,Medium,2/17/2022,919752490,2/27/2022,4056,  152.58 € ,  97.44 € ,"  618,864.48 € ","  395,216.64 € ",  55.14 € 
C2876,Africa,Tunisia ,Corn,Offline,Medium,3/21/2020,287675130,5/7/2020,8319,  437.20 € ,  263.33 € ,"  3,637,066.80 € ","  2,190,642.27 € ",  173.87 € 
C8394,Central America and Caribbean,Grenada,Lemon,Offline,Critical,2/13/2021,839443290,4/1/2021,8779,  81.73 € ,  56.67 € ,"  717,507.67 € ","  497,505.93 € ",  25.06 € 
C8141,Australia and Oceania,Australia,Fish,Online,Medium,6/15/2021,814168298,7/12/2021,9347,  651.21 € ,  524.96 € ,"  6,086,859.87 € ","  4,906,801.12 € ",  126.25 € 
C3212,North America,Greenland,Corn,Online,High,7/15/2022,321273982,8/30/2022,966,  437.20 € ,  263.33 € ,"  422,335.20 € ","  254,376.78 € ",  173.87 € 
C8904,Africa,Angola,Flour,Online,Critical,5/13/2020,890496671,6/5/2020,6609,  152.58 € ,  97.44 € ,"  1,008,401.22 € ","  643,980.96 € ",  55.14 € 
C5218,Africa,Zambia,Came,Offline,Critical,5/6/2021,521885192,5/22/2021,6281,  47.45 € ,  31.79 € ,"  298,033.45 € ","  199,672.99 € ",  15.66 € 
C4358,Africa,Kenya,Rice,Offline,High,11/7/2020,435800874,12/25/2020,2018,  154.06 € ,  90.93 € ,"  310,893.08 € ","  183,496.74 € ",  63.13 € 
C1229,Africa,Azerbaijan,Orange,Offline,Critical,10/20/2021,122917544,11/17/2021,2888,  9.33 € ,  6.92 € ,"  26,945.04 € ","  19,984.96 € ",  2.41 € 
C4942,Africa,Mozambique,Lemon,Offline,Critical,10/21/2021,494221532,11/18/2021,9989,  81.73 € ,  56.67 € ,"  816,400.97 € ","  566,076.63 € ",  25.06 € 
C7310,Australia and Oceania,Federated States of Micronesia,Corn,Offline,Critical,4/19/2020,731011664,4/30/2020,1451,  437.20 € ,  263.33 € ,"  634,377.20 € ","  382,091.83 € ",  173.87 € 
C5348,Central America and Caribbean,Dominican Republic,Flour,Offline,Critical,11/3/2022,534899270,11/4/2022,7436,  152.58 € ,  97.44 € ,"  1,134,584.88 € ","  724,563.84 € ",  55.14 € 
C5778,Africa,Libya,Fish,Online,High,7/10/2022,577808177,7/22/2022,5135,  651.21 € ,  524.96 € ,"  3,343,963.35 € ","  2,695,669.60 € ",  126.25 € 
C2519,Asia,Uzbekistan,Fish,Online,Low,6/1/2021,251974713,6/21/2021,3772,  651.21 € ,  524.96 € ,"  2,456,364.12 € ","  1,980,149.12 € ",  126.25 € 
C8199,Asia,Sri Lanka,Lemon,Offline,Medium,7/28/2020,819947707,9/5/2020,9602,  81.73 € ,  56.67 € ,"  784,771.46 € ","  544,145.34 € ",  25.06 € 
C4645,Africa,The Gambia,Corn,Online,Critical,6/8/2021,464588487,7/25/2021,912,  437.20 € ,  263.33 € ,"  398,726.40 € ","  240,156.96 € ",  173.87 € 
C1390,Asia,Myanmar,Flour,Offline,Medium,7/26/2021,139070880,8/4/2021,3019,  152.58 € ,  97.44 € ,"  460,639.02 € ","  294,171.36 € ",  55.14 € 
C4168,Asia,Bhutan,Sorghum,Online,Critical,10/15/2021,416881215,10/21/2021,3270,  109.28 € ,  35.84 € ,"  357,345.60 € ","  117,196.80 € ",  73.44 € 
C1418,Africa,Mali,Rice,Online,Critical,11/23/2021,141818320,11/29/2021,6047,  154.06 € ,  90.93 € ,"  931,600.82 € ","  549,853.71 € ",  63.13 € 
C4779,Africa,Burundi,Lemon,Online,High,1/31/2022,477993524,3/12/2022,7761,  81.73 € ,  56.67 € ,"  634,306.53 € ","  439,815.87 € ",  25.06 € 
C8598,Africa,Libya,Sorghum,Offline,High,7/11/2021,859830653,8/5/2021,1852,  109.28 € ,  35.84 € ,"  202,386.56 € ","  66,375.68 € ",  73.44 € 
C3420,Africa,Nigeria,Sorghum,Offline,Critical,8/26/2022,342066037,10/11/2022,3797,  109.28 € ,  35.84 € ,"  414,936.16 € ","  136,084.48 € ",  73.44 € 
C7497,Europe,Norway,Sunflower,Online,Critical,2/21/2021,749748504,3/16/2021,6098,  668.27 € ,  502.54 € ,"  4,075,110.46 € ","  3,064,488.92 € ",  165.73 € 
C8282,Africa,Kenya,Corn,Offline,Medium,8/30/2021,828239381,10/8/2021,3293,  437.20 € ,  263.33 € ,"  1,439,699.60 € ","  867,145.69 € ",  173.87 € 
C2932,Australia and Oceania,Papua New Guinea,Rice,Online,High,2/19/2022,293212497,3/9/2022,6948,  154.06 € ,  90.93 € ,"  1,070,408.88 € ","  631,781.64 € ",  63.13 € 
C2806,Asia,North Korea,Lemon,Offline,Low,11/17/2020,280654180,1/2/2021,663,  81.73 € ,  56.67 € ,"  54,186.99 € ","  37,572.21 € ",  25.06 € 
C1968,Europe,Montenegro,Sorghum,Offline,Medium,11/25/2020,196863257,1/9/2021,5067,  109.28 € ,  35.84 € ,"  553,721.76 € ","  181,601.28 € ",  73.44 € 
C8684,Europe,Norway,Orange,Offline,High,10/6/2022,868451058,10/8/2022,2822,  9.33 € ,  6.92 € ,"  26,329.26 € ","  19,528.24 € ",  2.41 € 
C4923,Africa,Lesotho,Sorghum,Offline,Low,4/7/2020,492341411,5/24/2020,3619,  109.28 € ,  35.84 € ,"  395,484.32 € ","  129,704.96 € ",  73.44 € 
C4857,Asia,Indonesia,Meat,Online,High,12/2/2021,485770642,12/15/2021,9183,  421.89 € ,  364.69 € ,"  3,874,215.87 € ","  3,348,948.27 € ",  57.20 € 
C5362,Africa,Iraq,Came,Online,High,11/28/2020,536287581,12/28/2020,8268,  47.45 € ,  31.79 € ,"  392,316.60 € ","  262,839.72 € ",  15.66 € 
C8517,Asia,Singapore,Oatmeal,Online,Critical,4/3/2022,851753556,5/12/2022,1660,  205.70 € ,  117.11 € ,"  341,462.00 € ","  194,402.60 € ",  88.59 € 
C8103,Asia,South Korea,Rice,Online,Medium,5/15/2021,810342395,5/31/2021,7177,  154.06 € ,  90.93 € ,"  1,105,688.62 € ","  652,604.61 € ",  63.13 € 
C3105,Africa,Lebanon,Sunflower,Online,Low,8/26/2022,310540425,9/1/2022,4668,  668.27 € ,  502.54 € ,"  3,119,484.36 € ","  2,345,856.72 € ",  165.73 € 
C2211,Asia,Myanmar,Orange,Online,High,11/23/2020,221146476,12/31/2020,1011,  9.33 € ,  6.92 € ,"  9,432.63 € ","  6,996.12 € ",  2.41 € 
C1312,Asia,Vietnam,Sorghum,Online,High,9/23/2022,131271874,9/27/2022,5120,  109.28 € ,  35.84 € ,"  559,513.60 € ","  183,500.80 € ",  73.44 € 
C6003,Africa,Jordan,Orange,Online,Low,4/25/2022,600340449,6/2/2022,2935,  9.33 € ,  6.92 € ,"  27,383.55 € ","  20,310.20 € ",  2.41 € 
C9080,Australia and Oceania,Palau,Fish,Offline,Low,10/20/2022,908088529,11/22/2022,2430,  651.21 € ,  524.96 € ,"  1,582,440.30 € ","  1,275,652.80 € ",  126.25 € 
C4045,Central America and Caribbean,Antigua and Barbuda ,Oatmeal,Offline,Critical,8/4/2020,404564940,8/28/2020,8611,  205.70 € ,  117.11 € ,"  1,771,282.70 € ","  1,008,434.21 € ",  88.59 € 
C7601,Australia and Oceania,Papua New Guinea,Lemon,Offline,Low,1/21/2021,760131013,1/28/2021,8513,  81.73 € ,  56.67 € ,"  695,767.49 € ","  482,431.71 € ",  25.06 € 
C1154,Central America and Caribbean,El Salvador,Sorghum,Offline,Medium,11/2/2022,115460574,11/19/2022,6205,  109.28 € ,  35.84 € ,"  678,082.40 € ","  222,387.20 € ",  73.44 € 
C7315,Africa,Republic of the Congo,Came,Offline,Low,2/8/2022,731539952,2/9/2022,7783,  47.45 € ,  31.79 € ,"  369,303.35 € ","  247,421.57 € ",  15.66 € 
C4396,Australia and Oceania,Vanuatu,Meat,Online,Critical,8/3/2022,439667975,9/21/2022,6379,  421.89 € ,  364.69 € ,"  2,691,236.31 € ","  2,326,357.51 € ",  57.20 € 
C2914,Asia,Bangladesh,Sorghum,Offline,Low,9/11/2022,291455972,9/16/2022,7154,  109.28 € ,  35.84 € ,"  781,789.12 € ","  256,399.36 € ",  73.44 € 
C5088,Africa,Burundi,Oatmeal,Offline,Low,9/1/2022,508827769,9/13/2022,2299,  205.70 € ,  117.11 € ,"  472,904.30 € ","  269,235.89 € ",  88.59 € 
C9340,Africa,South Sudan,Rice,Online,Medium,4/17/2020,934019696,5/7/2020,6039,  154.06 € ,  90.93 € ,"  930,368.34 € ","  549,126.27 € ",  63.13 € 
C5795,Africa,Mozambique,Came,Online,Low,11/25/2020,579580581,12/12/2020,9628,  47.45 € ,  31.79 € ,"  456,848.60 € ","  306,074.12 € ",  15.66 € 
C7783,Central America and Caribbean,Saint Kitts and Nevis ,Meat,Online,Critical,8/27/2021,778371751,9/3/2021,6353,  421.89 € ,  364.69 € ,"  2,680,267.17 € ","  2,316,875.57 € ",  57.20 € 
C2335,Africa,Rwanda,Rice,Offline,Medium,7/16/2021,233567035,8/17/2021,6531,  154.06 € ,  90.93 € ,"  1,006,165.86 € ","  593,863.83 € ",  63.13 € 
C8686,Africa,Rwanda,Came,Online,High,10/24/2022,868652760,12/8/2022,2510,  47.45 € ,  31.79 € ,"  119,099.50 € ","  79,792.90 € ",  15.66 € 
C1774,Europe,Moldova ,Rice,Offline,Low,12/23/2020,177427756,1/31/2021,3671,  154.06 € ,  90.93 € ,"  565,554.26 € ","  333,804.03 € ",  63.13 € 
C6740,Europe,Austria,Oatmeal,Offline,Low,7/10/2020,674003350,7/30/2020,1424,  205.70 € ,  117.11 € ,"  292,916.80 € ","  166,764.64 € ",  88.59 € 
C4428,Europe,Spain,Sorghum,Offline,Low,1/16/2022,442803370,2/18/2022,4212,  109.28 € ,  35.84 € ,"  460,287.36 € ","  150,958.08 € ",  73.44 € 
C7885,Asia,China,Soy,Online,Critical,10/27/2020,788564145,12/1/2020,2509,  255.28 € ,  159.42 € ,"  640,497.52 € ","  399,984.78 € ",  95.86 € 
C3863,Africa,Qatar,Corn,Online,Medium,7/21/2022,386334502,8/11/2022,3819,  437.20 € ,  263.33 € ,"  1,669,666.80 € ","  1,005,657.27 € ",  173.87 € 
C2314,Europe,Georgia,Lemon,Online,Critical,11/22/2021,231475770,11/23/2021,7679,  81.73 € ,  56.67 € ,"  627,604.67 € ","  435,168.93 € ",  25.06 € 
C4896,Asia,Kazakhstan,Sunflower,Online,Medium,1/18/2021,489661777,2/11/2021,656,  668.27 € ,  502.54 € ,"  438,385.12 € ","  329,666.24 € ",  165.73 € 
C9468,Africa,Namibia,Lemon,Offline,Low,8/18/2022,946878850,10/5/2022,1348,  81.73 € ,  56.67 € ,"  110,172.04 € ","  76,391.16 € ",  25.06 € 
C5594,Central America and Caribbean,Jamaica,Meat,Offline,Low,7/1/2022,559425818,7/23/2022,5386,  421.89 € ,  364.69 € ,"  2,272,299.54 € ","  1,964,220.34 € ",  57.20 € 
C6039,Africa,Syria,Rice,Offline,Medium,8/22/2022,603914010,9/1/2022,431,  154.06 € ,  90.93 € ,"  66,399.86 € ","  39,190.83 € ",  63.13 € 
C6272,Africa,Tanzania,Orange,Offline,Critical,2/24/2021,627267253,3/8/2021,1174,  9.33 € ,  6.92 € ,"  10,953.42 € ","  8,124.08 € ",  2.41 € 
C6967,Africa,Angola,Soy,Online,High,4/1/2022,696721875,5/12/2022,4340,  255.28 € ,  159.42 € ,"  1,107,915.20 € ","  691,882.80 € ",  95.86 € 
C9498,Asia,China,Lemon,Offline,Low,7/18/2020,949826705,9/6/2020,3684,  81.73 € ,  56.67 € ,"  301,093.32 € ","  208,772.28 € ",  25.06 € 
C2444,Europe,Hungary,Lemon,Offline,Low,6/30/2022,244443070,7/3/2022,4991,  81.73 € ,  56.67 € ,"  407,914.43 € ","  282,839.97 € ",  25.06 € 
C2087,Europe,Norway,Sunflower,Offline,High,1/29/2022,208744800,2/3/2022,1080,  668.27 € ,  502.54 € ,"  721,731.60 € ","  542,743.20 € ",  165.73 € 
C2912,Australia and Oceania,Australia,Meat,Offline,Critical,4/9/2022,291218221,5/2/2022,6798,  421.89 € ,  364.69 € ,"  2,868,008.22 € ","  2,479,162.62 € ",  57.20 € 
C9106,Africa,Nigeria,Sunflower,Offline,Medium,2/22/2022,910662162,3/5/2022,4025,  668.27 € ,  502.54 € ,"  2,689,786.75 € ","  2,022,723.50 € ",  165.73 € 
C3061,Asia,Thailand,Fish,Online,Medium,3/9/2021,306187951,4/17/2021,6674,  651.21 € ,  524.96 € ,"  4,346,175.54 € ","  3,503,583.04 € ",  126.25 € 
C3872,Asia,Taiwan,Orange,Offline,High,9/16/2020,387219417,9/27/2020,5685,  9.33 € ,  6.92 € ,"  53,041.05 € ","  39,340.20 € ",  2.41 € 
C8834,Asia,India,Rice,Online,Low,6/5/2022,883492887,6/5/2022,4033,  154.06 € ,  90.93 € ,"  621,323.98 € ","  366,720.69 € ",  63.13 € 
C6950,Europe,Romania,Came,Offline,Low,4/24/2021,695057189,5/8/2021,1723,  47.45 € ,  31.79 € ,"  81,756.35 € ","  54,774.17 € ",  15.66 € 
C1422,Australia and Oceania,East Timor,Corn,Online,Low,4/23/2021,142273652,5/16/2021,790,  437.20 € ,  263.33 € ,"  345,388.00 € ","  208,030.70 € ",  173.87 € 
C5158,Europe,Bosnia and Herzegovina,Oatmeal,Online,Low,6/28/2022,515816104,8/6/2022,303,  205.70 € ,  117.11 € ,"  62,327.10 € ","  35,484.33 € ",  88.59 € 
C9266,Europe,Ireland,Lemon,Offline,Low,6/14/2022,926670873,7/17/2022,1359,  81.73 € ,  56.67 € ,"  111,071.07 € ","  77,014.53 € ",  25.06 € 
C5561,Europe,Croatia,Sunflower,Online,Low,8/19/2020,556136786,9/5/2020,2089,  668.27 € ,  502.54 € ,"  1,396,016.03 € ","  1,049,806.06 € ",  165.73 € 
C9058,Africa,Iraq,Soy,Online,Low,8/6/2022,905825173,8/22/2022,2653,  255.28 € ,  159.42 € ,"  677,257.84 € ","  422,941.26 € ",  95.86 € 
C8476,Europe,Malta,Fish,Online,Critical,6/7/2021,847659862,7/22/2021,245,  651.21 € ,  524.96 € ,"  159,546.45 € ","  128,615.20 € ",  126.25 € 
C6738,Europe,Ireland,Meat,Offline,Low,1/26/2022,673877179,2/21/2022,4087,  421.89 € ,  364.69 € ,"  1,724,264.43 € ","  1,490,488.03 € ",  57.20 € 
C7470,Africa,Madagascar,Soy,Online,Low,9/14/2022,747025954,10/12/2022,435,  255.28 € ,  159.42 € ,"  111,046.80 € ","  69,347.70 € ",  95.86 € 
C1499,Europe,Austria,Corn,Online,Medium,12/1/2021,149967515,12/27/2021,7575,  437.20 € ,  263.33 € ,"  3,311,790.00 € ","  1,994,724.75 € ",  173.87 € 
C7358,Africa,Sierra Leone,Lemon,Offline,Critical,2/17/2020,735875689,3/25/2020,824,  81.73 € ,  56.67 € ,"  67,345.52 € ","  46,696.08 € ",  25.06 € 
C3782,Europe,Netherlands,Fish,Online,Critical,1/9/2021,378236806,2/18/2021,7531,  651.21 € ,  524.96 € ,"  4,904,262.51 € ","  3,953,473.76 € ",  126.25 € 
C6208,Europe,Croatia,Corn,Offline,High,7/15/2021,620849692,7/18/2021,2075,  437.20 € ,  263.33 € ,"  907,190.00 € ","  546,409.75 € ",  173.87 € 
C8278,Central America and Caribbean,Trinidad and Tobago,Flour,Offline,Low,11/11/2021,827825677,11/19/2021,869,  152.58 € ,  97.44 € ,"  132,592.02 € ","  84,675.36 € ",  55.14 € 
C4335,Asia,South Korea,Sunflower,Offline,Critical,3/5/2021,433588588,3/28/2021,7353,  668.27 € ,  502.54 € ,"  4,913,789.31 € ","  3,695,176.62 € ",  165.73 € 
C2928,Australia and Oceania,Samoa ,Meat,Offline,High,11/24/2021,292874753,12/25/2021,7003,  421.89 € ,  364.69 € ,"  2,954,495.67 € ","  2,553,924.07 € ",  57.20 € 
C4307,Europe,Albania,Fish,Offline,Low,7/31/2022,430733001,8/2/2022,2322,  651.21 € ,  524.96 € ,"  1,512,109.62 € ","  1,218,957.12 € ",  126.25 € 
C4925,Africa,Cape Verde,Orange,Online,Medium,3/3/2022,492524659,3/25/2022,7846,  9.33 € ,  6.92 € ,"  73,203.18 € ","  54,294.32 € ",  2.41 € 
C1939,Europe,Italy,Came,Online,Low,6/9/2021,193923556,6/20/2021,5145,  47.45 € ,  31.79 € ,"  244,130.25 € ","  163,559.55 € ",  15.66 € 
C6709,Europe,Hungary,Came,Offline,Low,7/26/2021,670916020,8/2/2021,7815,  47.45 € ,  31.79 € ,"  370,821.75 € ","  248,438.85 € ",  15.66 € 
C4298,Asia,Maldives,Soy,Offline,Critical,9/17/2022,429800879,10/19/2022,6486,  255.28 € ,  159.42 € ,"  1,655,746.08 € ","  1,033,998.12 € ",  95.86 € 
C2971,Africa,Mali,Sunflower,Offline,High,7/25/2022,297189462,8/19/2022,3821,  668.27 € ,  502.54 € ,"  2,553,459.67 € ","  1,920,205.34 € ",  165.73 € 
C2700,Africa,Yemen,Lemon,Online,Medium,8/26/2020,270005595,9/4/2020,9511,  81.73 € ,  56.67 € ,"  777,334.03 € ","  538,988.37 € ",  25.06 € 
C8654,Asia,North Korea,Flour,Offline,Low,8/15/2022,865485608,9/10/2022,5279,  152.58 € ,  97.44 € ,"  805,469.82 € ","  514,385.76 € ",  55.14 € 
C8711,Asia,Uzbekistan,Oatmeal,Offline,High,8/28/2021,871178328,8/28/2021,9882,  205.70 € ,  117.11 € ,"  2,032,727.40 € ","  1,157,281.02 € ",  88.59 € 
C4949,Europe,Latvia,Rice,Online,Low,10/12/2022,494945085,11/6/2022,4104,  154.06 € ,  90.93 € ,"  632,262.24 € ","  373,176.72 € ",  63.13 € 
C9149,Asia,Singapore,Flour,Offline,Critical,5/29/2021,914959704,6/24/2021,5764,  152.58 € ,  97.44 € ,"  879,471.12 € ","  561,644.16 € ",  55.14 € 
C2297,Europe,Lithuania,Sunflower,Online,Low,12/7/2021,229708516,1/23/2022,4709,  668.27 € ,  502.54 € ,"  3,146,883.43 € ","  2,366,460.86 € ",  165.73 € 
C2079,Africa,Senegal,Came,Offline,High,1/4/2022,207990348,1/20/2022,7821,  47.45 € ,  31.79 € ,"  371,106.45 € ","  248,629.59 € ",  15.66 € 
C4389,Africa,South Sudan,Rice,Offline,Critical,7/20/2022,438916528,8/18/2022,4009,  154.06 € ,  90.93 € ,"  617,626.54 € ","  364,538.37 € ",  63.13 € 
C5819,Europe,Bulgaria,Soy,Online,High,7/30/2020,581910884,8/16/2020,9217,  255.28 € ,  159.42 € ,"  2,352,915.76 € ","  1,469,374.14 € ",  95.86 € 
C8167,Africa,Seychelles ,Meat,Offline,High,2/4/2022,816709744,3/1/2022,1417,  421.89 € ,  364.69 € ,"  597,818.13 € ","  516,765.73 € ",  57.20 € 
C4933,Central America and Caribbean,Saint Kitts and Nevis ,Sunflower,Online,High,8/24/2020,493361937,9/29/2020,5616,  668.27 € ,  502.54 € ,"  3,753,004.32 € ","  2,822,264.64 € ",  165.73 € 
C3822,Central America and Caribbean,Saint Vincent and the Grenadines,Soy,Offline,High,8/10/2021,382228791,9/26/2021,8848,  255.28 € ,  159.42 € ,"  2,258,717.44 € ","  1,410,548.16 € ",  95.86 € 
C4239,Europe,Andorra,Corn,Offline,Low,10/2/2020,423984134,11/14/2020,5182,  437.20 € ,  263.33 € ,"  2,265,570.40 € ","  1,364,576.06 € ",  173.87 € 
C1796,Africa,Mali,Meat,Offline,Critical,11/3/2022,179614293,11/23/2022,716,  421.89 € ,  364.69 € ,"  302,073.24 € ","  261,118.04 € ",  57.20 € 
C1804,Africa,Togo,Lemon,Offline,Medium,2/26/2020,180418097,3/15/2020,8579,  81.73 € ,  56.67 € ,"  701,161.67 € ","  486,171.93 € ",  25.06 € 
C5780,Asia,Thailand,Meat,Offline,High,7/17/2022,578006875,8/21/2022,3934,  421.89 € ,  364.69 € ,"  1,659,715.26 € ","  1,434,690.46 € ",  57.20 € 
C6943,Europe,Moldova ,Sunflower,Online,High,9/1/2021,694304454,9/9/2021,8972,  668.27 € ,  502.54 € ,"  5,995,718.44 € ","  4,508,788.88 € ",  165.73 € 
C3715,Central America and Caribbean,Trinidad and Tobago,Soy,Online,High,1/14/2021,371547162,2/23/2021,7917,  255.28 € ,  159.42 € ,"  2,021,051.76 € ","  1,262,128.14 € ",  95.86 € 
C4222,Asia,Japan,Came,Online,Medium,4/6/2020,422283828,4/26/2020,2024,  47.45 € ,  31.79 € ,"  96,038.80 € ","  64,342.96 € ",  15.66 € 
C3793,Africa,Central African Republic,Oatmeal,Offline,Critical,3/23/2022,379375779,3/23/2022,4578,  205.70 € ,  117.11 € ,"  941,694.60 € ","  536,129.58 € ",  88.59 € 
C7459,Africa,Azerbaijan,Lemon,Online,Low,3/11/2020,745996844,4/3/2020,5899,  81.73 € ,  56.67 € ,"  482,125.27 € ","  334,296.33 € ",  25.06 € 
C7456,Africa,Mauritania,Orange,Offline,Low,2/20/2022,745633351,4/3/2022,8333,  9.33 € ,  6.92 € ,"  77,746.89 € ","  57,664.36 € ",  2.41 € 
C5720,Europe,Portugal,Flour,Offline,Medium,9/16/2020,572084128,11/5/2020,1261,  152.58 € ,  97.44 € ,"  192,403.38 € ","  122,871.84 € ",  55.14 € 
C9394,Africa,Liberia,Came,Online,Low,5/22/2020,939460504,5/24/2020,6095,  47.45 € ,  31.79 € ,"  289,207.75 € ","  193,760.05 € ",  15.66 € 
C8321,Africa,South Sudan,Orange,Online,High,10/12/2021,832186305,11/26/2021,1276,  9.33 € ,  6.92 € ,"  11,905.08 € ","  8,829.92 € ",  2.41 € 
C6549,Africa,Cameroon,Orange,Online,Low,2/28/2020,654997861,4/2/2020,7277,  9.33 € ,  6.92 € ,"  67,894.41 € ","  50,356.84 € ",  2.41 € 
C8829,Central America and Caribbean,Cuba,Meat,Online,Low,3/23/2021,882943999,4/7/2021,1605,  421.89 € ,  364.69 € ,"  677,133.45 € ","  585,327.45 € ",  57.20 € 
C7113,Africa,Malawi,Orange,Online,Low,6/27/2022,711386048,8/15/2022,3795,  9.33 € ,  6.92 € ,"  35,407.35 € ","  26,261.40 € ",  2.41 € 
C3059,Australia and Oceania,Tuvalu,Came,Offline,Low,6/9/2020,305997836,7/10/2020,415,  47.45 € ,  31.79 € ,"  19,691.75 € ","  13,192.85 € ",  15.66 € 
C3527,Africa,Burundi,Meat,Offline,High,7/19/2020,352765691,8/11/2020,62,  421.89 € ,  364.69 € ,"  26,157.18 € ","  22,610.78 € ",  57.20 € 
C7079,Africa,Liberia,Rice,Online,Critical,7/15/2021,707988440,8/8/2021,8367,  154.06 € ,  90.93 € ,"  1,289,020.02 € ","  760,811.31 € ",  63.13 € 
C8482,Asia,Turkmenistan,Rice,Offline,Medium,7/13/2022,848277413,8/29/2022,2992,  154.06 € ,  90.93 € ,"  460,947.52 € ","  272,062.56 € ",  63.13 € 
C3205,Africa,Uganda,Sunflower,Online,Medium,8/16/2021,320556437,9/25/2021,8628,  668.27 € ,  502.54 € ,"  5,765,833.56 € ","  4,335,915.12 € ",  165.73 € 
C9920,Africa,Lebanon,Soy,Online,High,3/6/2020,992061841,3/24/2020,1999,  255.28 € ,  159.42 € ,"  510,304.72 € ","  318,680.58 € ",  95.86 € 
C3003,Europe,Switzerland,Fish,Online,Medium,5/20/2021,300342452,6/24/2021,6861,  651.21 € ,  524.96 € ,"  4,467,951.81 € ","  3,601,750.56 € ",  126.25 € 
C7032,Africa,Kuwait,Rice,Online,High,4/2/2020,703259599,4/5/2020,8998,  154.06 € ,  90.93 € ,"  1,386,231.88 € ","  818,188.14 € ",  63.13 € 
C2289,Asia,India,Sorghum,Offline,High,3/17/2022,228987109,4/14/2022,1229,  109.28 € ,  35.84 € ,"  134,305.12 € ","  44,047.36 € ",  73.44 € 
C1260,Africa,Angola,Oatmeal,Online,Critical,8/22/2021,126011312,9/18/2021,8402,  205.70 € ,  117.11 € ,"  1,728,291.40 € ","  983,958.22 € ",  88.59 € 
C8131,Asia,Uzbekistan,Came,Offline,Critical,6/28/2020,813131034,7/1/2020,2397,  47.45 € ,  31.79 € ,"  113,737.65 € ","  76,200.63 € ",  15.66 € 
C5294,Europe,Latvia,Lemon,Offline,Critical,2/5/2021,529457604,3/5/2021,7126,  81.73 € ,  56.67 € ,"  582,407.98 € ","  403,830.42 € ",  25.06 € 
C2844,Africa,Ghana,Meat,Offline,Medium,12/2/2021,284414851,12/7/2021,3530,  421.89 € ,  364.69 € ,"  1,489,271.70 € ","  1,287,355.70 € ",  57.20 € 
C7077,Europe,Poland,Came,Online,Critical,10/22/2021,707739102,10/28/2021,4583,  47.45 € ,  31.79 € ,"  217,463.35 € ","  145,693.57 € ",  15.66 € 
C6994,Asia,Mongolia,Corn,Online,Low,6/15/2021,699479186,7/25/2021,290,  437.20 € ,  263.33 € ,"  126,788.00 € ","  76,365.70 € ",  173.87 € 
C5799,Asia,Vietnam,Oatmeal,Online,Critical,12/13/2021,579996430,1/9/2022,2687,  205.70 € ,  117.11 € ,"  552,715.90 € ","  314,674.57 € ",  88.59 € 
C7399,Europe,United Kingdom,Oatmeal,Online,Low,6/29/2020,739964663,7/27/2020,842,  205.70 € ,  117.11 € ,"  173,199.40 € ","  98,606.62 € ",  88.59 € 
C2903,Australia and Oceania,Vanuatu,Sorghum,Offline,Low,5/31/2020,290370213,6/15/2020,5854,  109.28 € ,  35.84 € ,"  639,725.12 € ","  209,807.36 € ",  73.44 € 
C2125,Africa,Ethiopia,Orange,Online,Low,2/22/2021,212511909,2/22/2021,5851,  9.33 € ,  6.92 € ,"  54,589.83 € ","  40,488.92 € ",  2.41 € 
C2080,Africa,Niger,Orange,Online,Critical,7/13/2022,208001077,7/22/2022,996,  9.33 € ,  6.92 € ,"  9,292.68 € ","  6,892.32 € ",  2.41 € 
C9487,Africa,Central African Republic,Lemon,Offline,High,7/9/2020,948761546,7/13/2020,8480,  81.73 € ,  56.67 € ,"  693,070.40 € ","  480,561.60 € ",  25.06 € 
C9270,Africa,Cape Verde,Flour,Offline,Critical,1/18/2020,927029645,1/29/2020,7527,  152.58 € ,  97.44 € ,"  1,148,469.66 € ","  733,430.88 € ",  55.14 € 
C5053,North America,United States of America,Lemon,Offline,Critical,2/26/2022,505354201,4/12/2022,4393,  81.73 € ,  56.67 € ,"  359,039.89 € ","  248,951.31 € ",  25.06 € 
C5665,Africa,Sudan,Orange,Offline,Critical,7/30/2022,566596543,9/1/2022,7363,  9.33 € ,  6.92 € ,"  68,696.79 € ","  50,951.96 € ",  2.41 € 
C2639,Africa,Republic of the Congo,Fish,Offline,Critical,9/24/2021,263930499,11/5/2021,1755,  651.21 € ,  524.96 € ,"  1,142,873.55 € ","  921,304.80 € ",  126.25 € 
C1708,Australia and Oceania,Federated States of Micronesia,Orange,Online,Critical,6/10/2020,170842397,6/10/2020,4917,  9.33 € ,  6.92 € ,"  45,875.61 € ","  34,025.64 € ",  2.41 € 
C9311,Africa,South Sudan,Orange,Offline,Low,5/10/2021,931131064,6/7/2021,1229,  9.33 € ,  6.92 € ,"  11,466.57 € ","  8,504.68 € ",  2.41 € 
C1089,Africa,Cape Verde,Orange,Online,Medium,10/27/2021,108907830,10/31/2021,7102,  9.33 € ,  6.92 € ,"  66,261.66 € ","  49,145.84 € ",  2.41 € 
C7385,Australia and Oceania,Palau,Sunflower,Offline,High,12/31/2020,738596522,2/18/2021,5979,  668.27 € ,  502.54 € ,"  3,995,586.33 € ","  3,004,686.66 € ",  165.73 € 
C9749,Africa,Bahrain,Fish,Offline,Low,4/29/2021,974933469,6/12/2021,3333,  651.21 € ,  524.96 € ,"  2,170,482.93 € ","  1,749,691.68 € ",  126.25 € 
C8429,Africa,Algeria,Fish,Offline,Medium,5/4/2021,842967498,5/14/2021,1670,  651.21 € ,  524.96 € ,"  1,087,520.70 € ","  876,683.20 € ",  126.25 € 
C8880,Africa,Botswana,Lemon,Online,Critical,11/7/2022,888059937,12/10/2022,5525,  81.73 € ,  56.67 € ,"  451,558.25 € ","  313,101.75 € ",  25.06 € 
C8258,Africa,Seychelles ,Sunflower,Offline,Medium,12/1/2020,825884616,1/3/2021,6466,  668.27 € ,  502.54 € ,"  4,321,033.82 € ","  3,249,423.64 € ",  165.73 € 
C8924,Africa,The Gambia,Fish,Online,High,6/8/2022,892427861,7/25/2022,8091,  651.21 € ,  524.96 € ,"  5,268,940.11 € ","  4,247,451.36 € ",  126.25 € 
C4939,Africa,Guinea-Bissau,Fish,Online,Low,11/2/2021,493988502,12/21/2021,1030,  651.21 € ,  524.96 € ,"  670,746.30 € ","  540,708.80 € ",  126.25 € 
C4571,Africa,Pakistan,Rice,Offline,Low,7/17/2022,457177865,8/11/2022,7945,  154.06 € ,  90.93 € ,"  1,224,006.70 € ","  722,438.85 € ",  63.13 € 
C7789,Africa,Mauritania,Meat,Online,Medium,3/19/2021,778919780,3/20/2021,8527,  421.89 € ,  364.69 € ,"  3,597,456.03 € ","  3,109,711.63 € ",  57.20 € 
C1764,Asia,Thailand,Fish,Online,High,8/22/2020,176450574,9/8/2020,4501,  651.21 € ,  524.96 € ,"  2,931,096.21 € ","  2,362,844.96 € ",  126.25 € 
C1373,Africa,Afghanistan,Meat,Offline,Medium,8/1/2022,137319076,9/20/2022,4621,  421.89 € ,  364.69 € ,"  1,949,553.69 € ","  1,685,232.49 € ",  57.20 € 
C8693,Africa,The Gambia,Sorghum,Online,Low,8/17/2020,869386613,9/25/2020,9673,  109.28 € ,  35.84 € ,"  1,057,065.44 € ","  346,680.32 € ",  73.44 € 
C8508,Africa,Oman,Meat,Offline,Low,8/16/2021,850827014,8/29/2021,7476,  421.89 € ,  364.69 € ,"  3,154,049.64 € ","  2,726,422.44 € ",  57.20 € 
C8801,Africa,Burkina Faso,Flour,Offline,High,5/24/2021,880126607,6/7/2021,7876,  152.58 € ,  97.44 € ,"  1,201,720.08 € ","  767,437.44 € ",  55.14 € 
C9260,Africa,Cameroon,Sorghum,Offline,Medium,6/12/2020,926084220,7/5/2020,7755,  109.28 € ,  35.84 € ,"  847,466.40 € ","  277,939.20 € ",  73.44 € 
C5778,Africa,Burkina Faso,Oatmeal,Online,High,7/21/2022,577811181,8/23/2022,6024,  205.70 € ,  117.11 € ,"  1,239,136.80 € ","  705,470.64 € ",  88.59 € 
C3947,Europe,Serbia,Flour,Online,High,11/17/2021,394731318,12/12/2021,8624,  152.58 € ,  97.44 € ,"  1,315,849.92 € ","  840,322.56 € ",  55.14 € 
C5565,Africa,Mauritius ,Sunflower,Offline,Critical,7/26/2021,556580960,9/9/2021,3529,  668.27 € ,  502.54 € ,"  2,358,324.83 € ","  1,773,463.66 € ",  165.73 € 
C4134,Africa,Liberia,Fish,Offline,Critical,11/17/2020,413408935,12/13/2020,5745,  651.21 € ,  524.96 € ,"  3,741,201.45 € ","  3,015,895.20 € ",  126.25 € 
C7355,Europe,Latvia,Lemon,Offline,Critical,5/3/2022,735576570,5/17/2022,2308,  81.73 € ,  56.67 € ,"  188,632.84 € ","  130,794.36 € ",  25.06 € 
C5637,Asia,China,Sorghum,Offline,Medium,9/16/2021,563757693,11/1/2021,7284,  109.28 € ,  35.84 € ,"  795,995.52 € ","  261,058.56 € ",  73.44 € 
C3589,Australia and Oceania,New Zealand,Rice,Online,Low,11/22/2020,358938634,12/9/2020,6773,  154.06 € ,  90.93 € ,"  1,043,448.38 € ","  615,868.89 € ",  63.13 € 
C6524,Africa,Sierra Leone,Flour,Online,Critical,10/3/2020,652418220,10/19/2020,3904,  152.58 € ,  97.44 € ,"  595,672.32 € ","  380,405.76 € ",  55.14 € 
C6958,Europe,Bulgaria,Fish,Online,Critical,7/26/2022,695807778,9/6/2022,3839,  651.21 € ,  524.96 € ,"  2,499,995.19 € ","  2,015,321.44 € ",  126.25 € 
C7110,Africa,Somalia,Fish,Offline,Critical,11/5/2020,711031138,12/7/2020,8769,  651.21 € ,  524.96 € ,"  5,710,460.49 € ","  4,603,374.24 € ",  126.25 € 
C5403,Europe,Spain,Came,Offline,High,12/17/2021,540324628,1/25/2022,2919,  47.45 € ,  31.79 € ,"  138,506.55 € ","  92,795.01 € ",  15.66 € 
C9962,Europe,Cyprus,Oatmeal,Offline,Medium,8/31/2022,996237075,8/31/2022,7544,  205.70 € ,  117.11 € ,"  1,551,800.80 € ","  883,477.84 € ",  88.59 € 
C7116,Africa,Namibia,Sorghum,Online,Medium,2/12/2020,711629807,3/5/2020,5929,  109.28 € ,  35.84 € ,"  647,921.12 € ","  212,495.36 € ",  73.44 € 
C1896,North America,Greenland,Oatmeal,Offline,High,11/19/2021,189676654,1/1/2022,8392,  205.70 € ,  117.11 € ,"  1,726,234.40 € ","  982,787.12 € ",  88.59 € 
C4538,Africa,Rwanda,Sunflower,Online,Low,8/23/2021,453863942,9/9/2021,7281,  668.27 € ,  502.54 € ,"  4,865,673.87 € ","  3,658,993.74 € ",  165.73 € 
C7979,Central America and Caribbean,The Bahamas,Fish,Offline,Low,8/14/2020,797990500,9/22/2020,1977,  651.21 € ,  524.96 € ,"  1,287,442.17 € ","  1,037,845.92 € ",  126.25 € 
C1361,Europe,Germany,Came,Online,High,6/8/2020,136167657,6/21/2020,3890,  47.45 € ,  31.79 € ,"  184,580.50 € ","  123,663.10 € ",  15.66 € 
C1528,Europe,Cyprus,Came,Online,Critical,9/11/2021,152819240,10/16/2021,1464,  47.45 € ,  31.79 € ,"  69,466.80 € ","  46,540.56 € ",  15.66 € 
C3526,Europe,Luxembourg,Flour,Online,Critical,7/15/2022,352681577,7/25/2022,5171,  152.58 € ,  97.44 € ,"  788,991.18 € ","  503,862.24 € ",  55.14 € 
C3108,Australia and Oceania,Tuvalu,Oatmeal,Online,High,1/27/2020,310803496,3/4/2020,2516,  205.70 € ,  117.11 € ,"  517,541.20 € ","  294,648.76 € ",  88.59 € 
C1225,Europe,Bulgaria,Corn,Offline,Low,5/26/2020,122546327,6/18/2020,3036,  437.20 € ,  263.33 € ,"  1,327,339.20 € ","  799,469.88 € ",  173.87 € 
C8535,Asia,Bangladesh,Orange,Offline,High,1/4/2020,853583896,1/20/2020,3298,  9.33 € ,  6.92 € ,"  30,770.34 € ","  22,822.16 € ",  2.41 € 
C4899,Central America and Caribbean,El Salvador,Lemon,Offline,High,7/4/2021,489902532,7/31/2021,1901,  81.73 € ,  56.67 € ,"  155,368.73 € ","  107,729.67 € ",  25.06 € 
C6878,Asia,China,Rice,Online,Medium,10/2/2020,687801063,10/6/2020,4474,  154.06 € ,  90.93 € ,"  689,264.44 € ","  406,820.82 € ",  63.13 € 
C9238,Asia,Mongolia,Meat,Online,Medium,8/7/2022,923890817,8/17/2022,8678,  421.89 € ,  364.69 € ,"  3,661,161.42 € ","  3,164,779.82 € ",  57.20 € 
C7450,Australia and Oceania,Solomon Islands,Orange,Offline,High,4/11/2022,745095622,5/27/2022,9207,  9.33 € ,  6.92 € ,"  85,901.31 € ","  63,712.44 € ",  2.41 € 
C2186,Africa,Mauritania,Corn,Offline,Low,2/23/2021,218651807,3/19/2021,2783,  437.20 € ,  263.33 € ,"  1,216,727.60 € ","  732,847.39 € ",  173.87 € 
C3821,Asia,South Korea,Rice,Online,Medium,5/26/2022,382108199,7/13/2022,3162,  154.06 € ,  90.93 € ,"  487,137.72 € ","  287,520.66 € ",  63.13 € 
C9933,Asia,Myanmar,Fish,Online,Low,1/17/2021,993326127,2/18/2021,6130,  651.21 € ,  524.96 € ,"  3,991,917.30 € ","  3,218,004.80 € ",  126.25 € 
C9804,Africa,Botswana,Oatmeal,Offline,Low,7/7/2022,980479419,8/6/2022,4503,  205.70 € ,  117.11 € ,"  926,267.10 € ","  527,346.33 € ",  88.59 € 
C6920,Europe,Portugal,Flour,Offline,Critical,3/11/2021,692054402,3/20/2021,3131,  152.58 € ,  97.44 € ,"  477,727.98 € ","  305,084.64 € ",  55.14 € 
C5468,Europe,Spain,Rice,Offline,Critical,11/16/2021,546849906,12/11/2021,3894,  154.06 € ,  90.93 € ,"  599,909.64 € ","  354,081.42 € ",  63.13 € 
C5839,Africa,Cote d'Ivoire,Came,Offline,Low,3/11/2021,583977258,4/25/2021,703,  47.45 € ,  31.79 € ,"  33,357.35 € ","  22,348.37 € ",  15.66 € 
C9128,Europe,Russia,Soy,Online,Critical,6/13/2020,912860286,7/10/2020,4499,  255.28 € ,  159.42 € ,"  1,148,504.72 € ","  717,230.58 € ",  95.86 € 
C3632,Australia and Oceania,Federated States of Micronesia,Sorghum,Offline,Medium,5/15/2021,363235318,6/25/2021,8257,  109.28 € ,  35.84 € ,"  902,324.96 € ","  295,930.88 € ",  73.44 € 
C5351,Africa,The Gambia,Meat,Offline,High,10/11/2021,535151183,11/24/2021,1982,  421.89 € ,  364.69 € ,"  836,185.98 € ","  722,815.58 € ",  57.20 € 
C8489,Europe,Luxembourg,Orange,Offline,High,10/7/2022,848969209,10/15/2022,7710,  9.33 € ,  6.92 € ,"  71,934.30 € ","  53,353.20 € ",  2.41 € 
C7953,Africa,Liberia,Orange,Offline,Critical,7/15/2021,795363223,8/30/2021,4507,  9.33 € ,  6.92 € ,"  42,050.31 € ","  31,188.44 € ",  2.41 € 
C3853,Africa,Burundi,Corn,Offline,Critical,6/1/2021,385319554,6/27/2021,3474,  437.20 € ,  263.33 € ,"  1,518,832.80 € ","  914,808.42 € ",  173.87 € 
C6001,Africa,Syria,Oatmeal,Offline,High,11/2/2021,600137031,11/15/2021,2739,  205.70 € ,  117.11 € ,"  563,412.30 € ","  320,764.29 € ",  88.59 € 
C2414,North America,United States of America,Sorghum,Offline,High,8/24/2022,241426980,9/24/2022,2463,  109.28 € ,  35.84 € ,"  269,156.64 € ","  88,273.92 € ",  73.44 € 
C8811,Asia,Japan,Soy,Offline,Low,8/24/2022,881113231,10/5/2022,9840,  255.28 € ,  159.42 € ,"  2,511,955.20 € ","  1,568,692.80 € ",  95.86 € 
C1114,Asia,Laos,Orange,Offline,Low,1/22/2021,111432111,2/14/2021,4093,  9.33 € ,  6.92 € ,"  38,187.69 € ","  28,323.56 € ",  2.41 € 
C9949,Europe,Germany,Rice,Online,Critical,10/14/2021,994932448,11/23/2021,1476,  154.06 € ,  90.93 € ,"  227,392.56 € ","  134,212.68 € ",  63.13 € 
C8144,North America,Greenland,Lemon,Online,Critical,7/23/2020,814475572,8/10/2020,276,  81.73 € ,  56.67 € ,"  22,557.48 € ","  15,640.92 € ",  25.06 € 
C5232,Central America and Caribbean,Jamaica,Meat,Offline,High,8/26/2020,523235309,9/20/2020,5810,  421.89 € ,  364.69 € ,"  2,451,180.90 € ","  2,118,848.90 € ",  57.20 € 
C6946,Europe,Switzerland,Rice,Online,Medium,1/13/2020,694697988,2/23/2020,5427,  154.06 € ,  90.93 € ,"  836,083.62 € ","  493,477.11 € ",  63.13 € 
C1726,Europe,Sweden,Fish,Online,Medium,5/10/2021,172662436,6/10/2021,3507,  651.21 € ,  524.96 € ,"  2,283,793.47 € ","  1,841,034.72 € ",  126.25 € 
C1212,Africa,Liberia,Came,Online,Medium,12/15/2021,121239984,1/13/2022,6460,  47.45 € ,  31.79 € ,"  306,527.00 € ","  205,363.40 € ",  15.66 € 
C8748,Australia and Oceania,Kiribati,Soy,Offline,Medium,1/2/2021,874854457,1/4/2021,7730,  255.28 € ,  159.42 € ,"  1,973,314.40 € ","  1,232,316.60 € ",  95.86 € 
C5882,Europe,Malta,Meat,Online,Medium,12/6/2020,588242185,1/10/2021,2789,  421.89 € ,  364.69 € ,"  1,176,651.21 € ","  1,017,120.41 € ",  57.20 € 
C1864,Asia,Philippines,Lemon,Online,Low,4/12/2020,186451995,5/29/2020,4144,  81.73 € ,  56.67 € ,"  338,689.12 € ","  234,840.48 € ",  25.06 € 
C2148,Africa,Comoros,Soy,Offline,Low,11/8/2020,214845216,11/29/2020,6329,  255.28 € ,  159.42 € ,"  1,615,667.12 € ","  1,008,969.18 € ",  95.86 € 
C3890,Europe,Liechtenstein,Sunflower,Offline,Low,7/29/2020,389095675,8/30/2020,912,  668.27 € ,  502.54 € ,"  609,462.24 € ","  458,316.48 € ",  165.73 € 
C9451,Africa,Lebanon,Oatmeal,Online,Low,8/15/2020,945189702,8/29/2020,1492,  205.70 € ,  117.11 € ,"  306,904.40 € ","  174,728.12 € ",  88.59 € 
C3894,North America,Greenland,Oatmeal,Offline,Critical,2/22/2021,389426124,4/5/2021,8699,  205.70 € ,  117.11 € ,"  1,789,384.30 € ","  1,018,739.89 € ",  88.59 € 
C4484,Africa,Chad,Oatmeal,Online,Medium,9/13/2022,448416268,9/15/2022,5193,  205.70 € ,  117.11 € ,"  1,068,200.10 € ","  608,152.23 € ",  88.59 € 
C2190,Europe,Macedonia,Sunflower,Offline,Low,12/15/2021,219083964,1/5/2022,668,  668.27 € ,  502.54 € ,"  446,404.36 € ","  335,696.72 € ",  165.73 € 
C2186,Africa,United Arab Emirates,Corn,Offline,High,9/12/2021,218665540,10/19/2021,6847,  437.20 € ,  263.33 € ,"  2,993,508.40 € ","  1,803,020.51 € ",  173.87 € 
C1347,Africa,Qatar,Oatmeal,Offline,High,10/29/2020,134709823,11/25/2020,2485,  205.70 € ,  117.11 € ,"  511,164.50 € ","  291,018.35 € ",  88.59 € 
C1750,Africa,Iraq,Rice,Online,High,7/5/2021,175078141,8/5/2021,8367,  154.06 € ,  90.93 € ,"  1,289,020.02 € ","  760,811.31 € ",  63.13 € 
C6179,Europe,Kosovo,Fish,Online,Low,1/7/2022,617944324,2/4/2022,2312,  651.21 € ,  524.96 € ,"  1,505,597.52 € ","  1,213,707.52 € ",  126.25 € 
C4617,Asia,Bhutan,Corn,Offline,Critical,1/12/2021,461794698,1/22/2021,4168,  437.20 € ,  263.33 € ,"  1,822,249.60 € ","  1,097,559.44 € ",  173.87 € 
C5754,Central America and Caribbean,Cuba,Sorghum,Offline,High,12/2/2021,575428092,12/10/2021,815,  109.28 € ,  35.84 € ,"  89,063.20 € ","  29,209.60 € ",  73.44 € 
C5479,North America,Mexico,Soy,Online,Medium,9/25/2022,547955834,10/9/2022,1163,  255.28 € ,  159.42 € ,"  296,890.64 € ","  185,405.46 € ",  95.86 € 
C9388,Africa,Cote d'Ivoire,Came,Online,Medium,7/1/2020,938801753,7/12/2020,1156,  47.45 € ,  31.79 € ,"  54,852.20 € ","  36,749.24 € ",  15.66 € 
C1277,Africa,Nigeria,Oatmeal,Offline,High,3/20/2021,127702176,5/2/2021,8767,  205.70 € ,  117.11 € ,"  1,803,371.90 € ","  1,026,703.37 € ",  88.59 € 
C1647,Australia and Oceania,Vanuatu,Fish,Offline,High,4/17/2021,164705932,5/31/2021,9000,  651.21 € ,  524.96 € ,"  5,860,890.00 € ","  4,724,640.00 € ",  126.25 € 
C9201,Africa,Kuwait,Rice,Offline,Low,5/20/2020,920174348,5/30/2020,8893,  154.06 € ,  90.93 € ,"  1,370,055.58 € ","  808,640.49 € ",  63.13 € 
C5347,Africa,Namibia,Meat,Offline,Medium,11/3/2022,534781253,11/30/2022,2512,  421.89 € ,  364.69 € ,"  1,059,787.68 € ","  916,101.28 € ",  57.20 € 
C3695,Africa,Egypt,Rice,Online,Low,12/25/2021,369512975,2/5/2022,5955,  154.06 € ,  90.93 € ,"  917,427.30 € ","  541,488.15 € ",  63.13 € 
C9556,Africa,Swaziland,Orange,Offline,Critical,7/15/2021,955668342,8/26/2021,2354,  9.33 € ,  6.92 € ,"  21,962.82 € ","  16,289.68 € ",  2.41 € 
C6448,Central America and Caribbean,Antigua and Barbuda ,Meat,Offline,Critical,10/8/2022,644858682,11/4/2022,6869,  421.89 € ,  364.69 € ,"  2,897,962.41 € ","  2,505,055.61 € ",  57.20 € 
C5590,Asia,Sri Lanka,Rice,Offline,High,3/15/2020,559007823,4/18/2020,1692,  154.06 € ,  90.93 € ,"  260,669.52 € ","  153,853.56 € ",  63.13 € 
C5403,Europe,Liechtenstein,Came,Offline,Medium,3/15/2020,540352094,3/30/2020,1047,  47.45 € ,  31.79 € ,"  49,680.15 € ","  33,284.13 € ",  15.66 € 
C5014,Africa,Angola,Fish,Online,Critical,5/20/2022,501440322,5/30/2022,6189,  651.21 € ,  524.96 € ,"  4,030,338.69 € ","  3,248,977.44 € ",  126.25 € 
C8751,Asia,Brunei,Sunflower,Offline,Critical,1/16/2021,875133836,2/6/2021,404,  668.27 € ,  502.54 € ,"  269,981.08 € ","  203,026.16 € ",  165.73 € 
C3646,Australia and Oceania,Samoa ,Sorghum,Offline,Critical,11/23/2020,364606463,1/2/2021,4010,  109.28 € ,  35.84 € ,"  438,212.80 € ","  143,718.40 € ",  73.44 € 
C8933,Australia and Oceania,Marshall Islands,Orange,Online,Low,4/30/2021,893344533,5/20/2021,9354,  9.33 € ,  6.92 € ,"  87,272.82 € ","  64,729.68 € ",  2.41 € 
C8551,Africa,Democratic Republic of the Congo,Orange,Online,Critical,9/15/2020,855146872,9/20/2020,5818,  9.33 € ,  6.92 € ,"  54,281.94 € ","  40,260.56 € ",  2.41 € 
C9641,Australia and Oceania,Tonga,Corn,Online,Critical,8/30/2020,964124810,8/31/2020,4811,  437.20 € ,  263.33 € ,"  2,103,369.20 € ","  1,266,880.63 € ",  173.87 € 
C2047,Africa,Mozambique,Flour,Offline,Critical,10/15/2021,204702174,10/17/2021,4777,  152.58 € ,  97.44 € ,"  728,874.66 € ","  465,470.88 € ",  55.14 € 
C7816,Africa,Kuwait,Meat,Online,Medium,3/25/2022,781615293,4/10/2022,6189,  421.89 € ,  364.69 € ,"  2,611,077.21 € ","  2,257,066.41 € ",  57.20 € 
C4699,Europe,Romania,Came,Offline,High,12/16/2021,469912993,1/22/2022,6552,  47.45 € ,  31.79 € ,"  310,892.40 € ","  208,288.08 € ",  15.66 € 
C2649,Africa,South Sudan,Corn,Online,Critical,5/9/2021,264956605,6/4/2021,5402,  437.20 € ,  263.33 € ,"  2,361,754.40 € ","  1,422,508.66 € ",  173.87 € 
C3324,Asia,Malaysia,Flour,Offline,Critical,8/13/2022,332419955,9/12/2022,9307,  152.58 € ,  97.44 € ,"  1,420,062.06 € ","  906,874.08 € ",  55.14 € 
C4582,Central America and Caribbean,Costa Rica,Flour,Offline,Medium,8/22/2022,458289372,8/30/2022,6864,  152.58 € ,  97.44 € ,"  1,047,309.12 € ","  668,828.16 € ",  55.14 € 
C4988,Europe,Croatia,Lemon,Online,High,2/25/2020,498863685,3/8/2020,3705,  81.73 € ,  56.67 € ,"  302,809.65 € ","  209,962.35 € ",  25.06 € 
C8307,Asia,Nepal,Came,Offline,Low,11/5/2022,830754220,11/7/2022,7490,  47.45 € ,  31.79 € ,"  355,400.50 € ","  238,107.10 € ",  15.66 € 
C1008,Asia,Tajikistan,Soy,Online,High,4/1/2020,100884807,4/30/2020,2911,  255.28 € ,  159.42 € ,"  743,120.08 € ","  464,071.62 € ",  95.86 € 
C1764,Europe,Serbia,Meat,Offline,High,4/17/2022,176491773,4/24/2022,6692,  421.89 € ,  364.69 € ,"  2,823,287.88 € ","  2,440,505.48 € ",  57.20 € 
C2951,Africa,Angola,Meat,Offline,Low,9/25/2020,295123946,11/3/2020,2589,  421.89 € ,  364.69 € ,"  1,092,273.21 € ","  944,182.41 € ",  57.20 € 
C2146,Asia,Japan,Lemon,Online,Low,1/7/2022,214642655,2/14/2022,6386,  81.73 € ,  56.67 € ,"  521,927.78 € ","  361,894.62 € ",  25.06 € 
C6632,Europe,Iceland,Meat,Online,Medium,2/21/2020,663221728,3/1/2020,903,  421.89 € ,  364.69 € ,"  380,966.67 € ","  329,315.07 € ",  57.20 € 
C1893,Europe,Cyprus,Sorghum,Offline,Medium,12/2/2020,189347493,12/21/2020,986,  109.28 € ,  35.84 € ,"  107,750.08 € ","  35,338.24 € ",  73.44 € 
C1118,Australia and Oceania,East Timor,Came,Offline,High,7/30/2020,111818778,8/23/2020,8516,  47.45 € ,  31.79 € ,"  404,084.20 € ","  270,723.64 € ",  15.66 € 
C4697,Asia,Tajikistan,Fish,Online,Low,6/17/2021,469746911,7/28/2021,7405,  651.21 € ,  524.96 € ,"  4,822,210.05 € ","  3,887,328.80 € ",  126.25 € 
C4725,Africa,Somalia,Sunflower,Online,Critical,1/7/2022,472555720,2/3/2022,8594,  668.27 € ,  502.54 € ,"  5,743,112.38 € ","  4,318,828.76 € ",  165.73 € 
C7499,Europe,Spain,Sorghum,Offline,High,2/9/2021,749981534,2/11/2021,5057,  109.28 € ,  35.84 € ,"  552,628.96 € ","  181,242.88 € ",  73.44 € 
C2020,Europe,Sweden,Oatmeal,Online,Critical,4/12/2022,202073180,5/8/2022,6799,  205.70 € ,  117.11 € ,"  1,398,554.30 € ","  796,230.89 € ",  88.59 € 
C9491,Africa,Ethiopia,Sunflower,Offline,Low,11/26/2020,949191987,12/15/2020,5857,  668.27 € ,  502.54 € ,"  3,914,057.39 € ","  2,943,376.78 € ",  165.73 € 
C6820,Asia,Turkmenistan,Lemon,Offline,Low,10/4/2022,682011783,11/14/2022,1297,  81.73 € ,  56.67 € ,"  106,003.81 € ","  73,500.99 € ",  25.06 € 
C3115,Europe,Malta,Sorghum,Online,Low,8/6/2022,311518895,8/21/2022,4219,  109.28 € ,  35.84 € ,"  461,052.32 € ","  151,208.96 € ",  73.44 € 
C8190,Africa,Malawi,Corn,Offline,Low,9/16/2022,819012153,9/18/2022,2751,  437.20 € ,  263.33 € ,"  1,202,737.20 € ","  724,420.83 € ",  173.87 € 
C1061,Europe,Czech Republic,Fish,Offline,Critical,1/29/2020,106102883,2/28/2020,7056,  651.21 € ,  524.96 € ,"  4,594,937.76 € ","  3,704,117.76 € ",  126.25 € 
C6447,Europe,Netherlands,Meat,Offline,Medium,2/3/2022,644714915,2/10/2022,4325,  421.89 € ,  364.69 € ,"  1,824,674.25 € ","  1,577,284.25 € ",  57.20 € 
C9270,Europe,Sweden,Came,Offline,Low,4/2/2022,927084577,4/16/2022,3783,  47.45 € ,  31.79 € ,"  179,503.35 € ","  120,261.57 € ",  15.66 € 
C4157,Africa,Saudi Arabia,Rice,Online,Critical,8/6/2021,415760695,8/18/2021,1684,  154.06 € ,  90.93 € ,"  259,437.04 € ","  153,126.12 € ",  63.13 € 
C8936,Africa,Turkey,Oatmeal,Online,Medium,7/29/2021,893604600,8/29/2021,6314,  205.70 € ,  117.11 € ,"  1,298,789.80 € ","  739,432.54 € ",  88.59 € 
C6137,Central America and Caribbean,Dominican Republic,Sorghum,Offline,Low,8/12/2022,613790118,9/18/2022,2991,  109.28 € ,  35.84 € ,"  326,856.48 € ","  107,197.44 € ",  73.44 € 
C1498,Asia,Uzbekistan,Lemon,Offline,High,8/31/2022,149803578,9/7/2022,9063,  81.73 € ,  56.67 € ,"  740,718.99 € ","  513,600.21 € ",  25.06 € 
C1454,Africa,Kuwait,Flour,Offline,Medium,7/14/2021,145443809,7/26/2021,8910,  152.58 € ,  97.44 € ,"  1,359,487.80 € ","  868,190.40 € ",  55.14 € 
C8648,Australia and Oceania,Federated States of Micronesia,Sorghum,Offline,Critical,4/9/2022,864822137,5/11/2022,8943,  109.28 € ,  35.84 € ,"  977,291.04 € ","  320,517.12 € ",  73.44 € 
C8423,Australia and Oceania,Samoa ,Fish,Online,High,3/10/2021,842362391,4/14/2021,2606,  651.21 € ,  524.96 € ,"  1,697,053.26 € ","  1,368,045.76 € ",  126.25 € 
C9328,Africa,Eritrea,Flour,Online,Low,9/18/2020,932800900,9/21/2020,5370,  152.58 € ,  97.44 € ,"  819,354.60 € ","  523,252.80 € ",  55.14 € 
C2611,Asia,Singapore,Soy,Online,High,4/3/2022,261186492,4/13/2022,9742,  255.28 € ,  159.42 € ,"  2,486,937.76 € ","  1,553,069.64 € ",  95.86 € 
C2728,Africa,Mauritania,Sunflower,Offline,Medium,11/23/2021,272880494,12/31/2021,257,  668.27 € ,  502.54 € ,"  171,745.39 € ","  129,152.78 € ",  165.73 € 
C6835,Asia,Bhutan,Sorghum,Online,High,5/30/2020,683556735,6/8/2020,8483,  109.28 € ,  35.84 € ,"  927,022.24 € ","  304,030.72 € ",  73.44 € 
C8292,Africa,Republic of the Congo,Came,Online,Low,11/5/2021,829201543,11/15/2021,8018,  47.45 € ,  31.79 € ,"  380,454.10 € ","  254,892.22 € ",  15.66 € 
C1161,Europe,Germany,Came,Online,Medium,8/18/2020,116113746,9/1/2020,9493,  47.45 € ,  31.79 € ,"  450,442.85 € ","  301,782.47 € ",  15.66 € 
C2709,Africa,Tunisia ,Oatmeal,Offline,Medium,3/6/2020,270904672,3/14/2020,5567,  205.70 € ,  117.11 € ,"  1,145,131.90 € ","  651,951.37 € ",  88.59 € 
C3904,Asia,Myanmar,Oatmeal,Offline,Medium,1/7/2020,390498149,1/26/2020,5935,  205.70 € ,  117.11 € ,"  1,220,829.50 € ","  695,047.85 € ",  88.59 € 
C9921,Europe,Romania,Corn,Offline,Medium,1/28/2020,992130506,3/3/2020,2319,  437.20 € ,  263.33 € ,"  1,013,866.80 € ","  610,662.27 € ",  173.87 € 
C8633,Europe,Greece,Flour,Offline,Critical,2/10/2022,863350570,3/14/2022,3474,  152.58 € ,  97.44 € ,"  530,062.92 € ","  338,506.56 € ",  55.14 € 
C2120,Africa,Benin,Corn,Offline,Low,7/28/2022,212019670,7/29/2022,187,  437.20 € ,  263.33 € ,"  81,756.40 € ","  49,242.71 € ",  173.87 € 
C2163,Central America and Caribbean,Jamaica,Fish,Online,Critical,8/5/2022,216311633,8/27/2022,274,  651.21 € ,  524.96 € ,"  178,431.54 € ","  143,839.04 € ",  126.25 € 
C7747,Europe,Liechtenstein,Sunflower,Online,High,11/6/2020,774712789,12/11/2020,3585,  668.27 € ,  502.54 € ,"  2,395,747.95 € ","  1,801,605.90 € ",  165.73 € 
C9560,North America,Greenland,Soy,Online,Critical,9/17/2020,956021964,10/8/2020,6999,  255.28 € ,  159.42 € ,"  1,786,704.72 € ","  1,115,780.58 € ",  95.86 € 
C3493,Europe,Romania,Corn,Online,High,3/26/2020,349350488,4/19/2020,9428,  437.20 € ,  263.33 € ,"  4,121,921.60 € ","  2,482,675.24 € ",  173.87 € 
C4141,Asia,China,Corn,Online,High,2/26/2022,414122188,3/23/2022,6813,  437.20 € ,  263.33 € ,"  2,978,643.60 € ","  1,794,067.29 € ",  173.87 € 
C4300,Australia and Oceania,East Timor,Sunflower,Offline,Low,1/17/2021,430073392,2/5/2021,7129,  668.27 € ,  502.54 € ,"  4,764,096.83 € ","  3,582,607.66 € ",  165.73 € 
C6472,Europe,Albania,Lemon,Online,Medium,11/18/2021,647252929,12/28/2021,5380,  81.73 € ,  56.67 € ,"  439,707.40 € ","  304,884.60 € ",  25.06 € 
C9360,Asia,Laos,Orange,Offline,High,6/20/2021,936022126,7/24/2021,8602,  9.33 € ,  6.92 € ,"  80,256.66 € ","  59,525.84 € ",  2.41 € 
C3370,Africa,Central African Republic,Fish,Offline,Low,4/17/2021,337054812,5/24/2021,864,  651.21 € ,  524.96 € ,"  562,645.44 € ","  453,565.44 € ",  126.25 € 
C2113,Europe,Netherlands,Meat,Offline,Critical,5/24/2020,211337316,7/8/2020,8263,  421.89 € ,  364.69 € ,"  3,486,077.07 € ","  3,013,433.47 € ",  57.20 € 
C1901,Australia and Oceania,Solomon Islands,Flour,Offline,Medium,6/30/2022,190168464,8/15/2022,3929,  152.58 € ,  97.44 € ,"  599,486.82 € ","  382,841.76 € ",  55.14 € 
C4251,Africa,Seychelles ,Sorghum,Offline,Medium,4/16/2020,425159585,5/26/2020,3024,  109.28 € ,  35.84 € ,"  330,462.72 € ","  108,380.16 € ",  73.44 € 
C2382,Asia,Kazakhstan,Meat,Online,Low,8/7/2022,238234508,8/21/2022,7740,  421.89 € ,  364.69 € ,"  3,265,428.60 € ","  2,822,700.60 € ",  57.20 € 
C3716,Europe,Hungary,Corn,Offline,High,6/26/2021,371629559,7/16/2021,2300,  437.20 € ,  263.33 € ,"  1,005,560.00 € ","  605,659.00 € ",  173.87 € 
C7378,Asia,Laos,Soy,Offline,Low,4/13/2022,737893569,5/30/2022,7960,  255.28 € ,  159.42 € ,"  2,032,028.80 € ","  1,268,983.20 € ",  95.86 € 
C8698,Africa,Yemen,Sorghum,Online,Critical,2/25/2022,869887864,4/15/2022,8005,  109.28 € ,  35.84 € ,"  874,786.40 € ","  286,899.20 € ",  73.44 € 
C3707,Europe,Russia,Lemon,Offline,High,2/1/2020,370786273,2/16/2020,2753,  81.73 € ,  56.67 € ,"  225,002.69 € ","  156,012.51 € ",  25.06 € 
C2640,Asia,Philippines,Oatmeal,Offline,High,3/10/2021,264075124,3/11/2021,4552,  205.70 € ,  117.11 € ,"  936,346.40 € ","  533,084.72 € ",  88.59 € 
C7435,Australia and Oceania,Marshall Islands,Orange,Online,Low,12/22/2020,743553245,12/22/2020,2783,  9.33 € ,  6.92 € ,"  25,965.39 € ","  19,258.36 € ",  2.41 € 
C7233,Africa,Burkina Faso,Lemon,Online,Critical,1/24/2021,723331964,2/11/2021,8857,  81.73 € ,  56.67 € ,"  723,882.61 € ","  501,926.19 € ",  25.06 € 
C9878,Europe,Kosovo,Flour,Offline,Medium,1/23/2022,987835109,3/13/2022,1215,  152.58 € ,  97.44 € ,"  185,384.70 € ","  118,389.60 € ",  55.14 € 
C1417,Asia,North Korea,Fish,Offline,High,2/7/2022,141799008,3/28/2022,333,  651.21 € ,  524.96 € ,"  216,852.93 € ","  174,811.68 € ",  126.25 € 
C4602,Asia,Bhutan,Flour,Online,High,3/1/2021,460272490,3/16/2021,3713,  152.58 € ,  97.44 € ,"  566,529.54 € ","  361,794.72 € ",  55.14 € 
C2386,Europe,Switzerland,Fish,Offline,Medium,6/25/2022,238616883,7/2/2022,893,  651.21 € ,  524.96 € ,"  581,530.53 € ","  468,789.28 € ",  126.25 € 
C5425,Africa,Libya,Lemon,Offline,High,7/17/2022,542506015,8/7/2022,8440,  81.73 € ,  56.67 € ,"  689,801.20 € ","  478,294.80 € ",  25.06 € 
C2579,Central America and Caribbean,Honduras,Rice,Online,High,2/4/2021,257926213,2/23/2021,4953,  154.06 € ,  90.93 € ,"  763,059.18 € ","  450,376.29 € ",  63.13 € 
C1411,Africa,Benin,Soy,Online,Medium,8/2/2022,141176307,9/20/2022,6061,  255.28 € ,  159.42 € ,"  1,547,252.08 € ","  966,244.62 € ",  95.86 € 
C5688,Africa,Egypt,Meat,Online,Medium,5/31/2020,568867623,6/22/2020,9426,  421.89 € ,  364.69 € ,"  3,976,735.14 € ","  3,437,567.94 € ",  57.20 € 
C1879,Europe,Cyprus,Came,Online,Medium,4/5/2021,187923991,5/17/2021,9740,  47.45 € ,  31.79 € ,"  462,163.00 € ","  309,634.60 € ",  15.66 € 
C8655,Africa,Morocco,Oatmeal,Online,High,10/4/2020,865581738,10/23/2020,3726,  205.70 € ,  117.11 € ,"  766,438.20 € ","  436,351.86 € ",  88.59 € 
C9393,Europe,Estonia,Came,Offline,High,2/8/2022,939389693,2/15/2022,5140,  47.45 € ,  31.79 € ,"  243,893.00 € ","  163,400.60 € ",  15.66 € 
C1672,Asia,South Korea,Soy,Online,Critical,4/24/2020,167209184,5/16/2020,9768,  255.28 € ,  159.42 € ,"  2,493,575.04 € ","  1,557,214.56 € ",  95.86 € 
C1772,Asia,Vietnam,Corn,Online,Medium,10/20/2020,177214038,11/6/2020,427,  437.20 € ,  263.33 € ,"  186,684.40 € ","  112,441.91 € ",  173.87 € 
C4178,Africa,Syria,Flour,Offline,High,10/29/2020,417890584,11/6/2020,1965,  152.58 € ,  97.44 € ,"  299,819.70 € ","  191,469.60 € ",  55.14 € 
C4080,Europe,Luxembourg,Sorghum,Online,Low,4/27/2022,408037650,4/27/2022,6263,  109.28 € ,  35.84 € ,"  684,420.64 € ","  224,465.92 € ",  73.44 € 
C1867,Central America and Caribbean,Cuba,Corn,Online,High,11/28/2021,186766564,12/12/2021,7232,  437.20 € ,  263.33 € ,"  3,161,830.40 € ","  1,904,402.56 € ",  173.87 € 
C7635,Asia,Maldives,Meat,Offline,High,11/27/2020,763501155,12/2/2020,5813,  421.89 € ,  364.69 € ,"  2,452,446.57 € ","  2,119,942.97 € ",  57.20 € 
C9679,Asia,Taiwan,Came,Online,Medium,1/10/2021,967977750,2/22/2021,4982,  47.45 € ,  31.79 € ,"  236,395.90 € ","  158,377.78 € ",  15.66 € 
C6002,Europe,Bosnia and Herzegovina,Flour,Offline,Critical,2/7/2020,600245177,3/14/2020,4742,  152.58 € ,  97.44 € ,"  723,534.36 € ","  462,060.48 € ",  55.14 € 
C8806,Africa,Afghanistan,Corn,Offline,Low,1/28/2022,880664765,2/3/2022,7129,  437.20 € ,  263.33 € ,"  3,116,798.80 € ","  1,877,279.57 € ",  173.87 € 
C3999,North America,Canada,Oatmeal,Online,Medium,4/20/2021,399910342,5/4/2021,1212,  205.70 € ,  117.11 € ,"  249,308.40 € ","  141,937.32 € ",  88.59 € 
C9689,Africa,Qatar,Meat,Offline,Medium,2/4/2021,968968236,3/8/2021,8088,  421.89 € ,  364.69 € ,"  3,412,246.32 € ","  2,949,612.72 € ",  57.20 € 
C8691,Europe,Malta,Rice,Offline,Low,11/24/2020,869137275,12/15/2020,5889,  154.06 € ,  90.93 € ,"  907,259.34 € ","  535,486.77 € ",  63.13 € 
C7020,Africa,Bahrain,Rice,Online,Critical,7/19/2020,702028787,7/25/2020,4773,  154.06 € ,  90.93 € ,"  735,328.38 € ","  434,008.89 € ",  63.13 € 
C2395,Africa,Zambia,Orange,Offline,Low,9/19/2021,239566600,9/20/2021,1935,  9.33 € ,  6.92 € ,"  18,053.55 € ","  13,390.20 € ",  2.41 € 
C6739,Asia,Bangladesh,Sorghum,Online,Critical,10/5/2020,673987042,11/7/2020,6598,  109.28 € ,  35.84 € ,"  721,029.44 € ","  236,472.32 € ",  73.44 € 
C5678,Africa,Egypt,Meat,Offline,Medium,8/1/2021,567838943,8/14/2021,5017,  421.89 € ,  364.69 € ,"  2,116,622.13 € ","  1,829,649.73 € ",  57.20 € 
C8039,Asia,Japan,Sorghum,Online,Critical,10/9/2022,803983628,11/1/2022,5477,  109.28 € ,  35.84 € ,"  598,526.56 € ","  196,295.68 € ",  73.44 € 
C5355,Central America and Caribbean,Jamaica,Corn,Offline,Medium,11/21/2021,535594928,12/17/2021,3296,  437.20 € ,  263.33 € ,"  1,441,011.20 € ","  867,935.68 € ",  173.87 € 
C3361,Africa,Namibia,Soy,Online,Medium,8/14/2022,336159169,8/17/2022,5823,  255.28 € ,  159.42 € ,"  1,486,495.44 € ","  928,302.66 € ",  95.86 € 
C8494,Australia and Oceania,Federated States of Micronesia,Meat,Offline,Critical,11/21/2021,849475181,12/12/2021,7438,  421.89 € ,  364.69 € ,"  3,138,017.82 € ","  2,712,564.22 € ",  57.20 € 
C5396,Africa,Iran,Sorghum,Offline,Medium,10/6/2022,539654290,10/18/2022,4552,  109.28 € ,  35.84 € ,"  497,442.56 € ","  163,143.68 € ",  73.44 € 
C6411,Asia,Malaysia,Oatmeal,Online,High,7/20/2021,641120326,9/3/2021,606,  205.70 € ,  117.11 € ,"  124,654.20 € ","  70,968.66 € ",  88.59 € 
C2086,Asia,Tajikistan,Rice,Offline,Critical,9/4/2020,208609616,9/5/2020,1076,  154.06 € ,  90.93 € ,"  165,768.56 € ","  97,840.68 € ",  63.13 € 
C1671,Africa,Iran,Meat,Offline,High,7/20/2021,167170989,7/22/2021,8465,  421.89 € ,  364.69 € ,"  3,571,298.85 € ","  3,087,100.85 € ",  57.20 € 
C1621,Australia and Oceania,Samoa ,Meat,Online,Critical,4/3/2020,162165772,5/6/2020,7311,  421.89 € ,  364.69 € ,"  3,084,437.79 € ","  2,666,248.59 € ",  57.20 € 
C8092,Africa,Botswana,Corn,Online,Critical,6/5/2020,809267795,6/20/2020,9179,  437.20 € ,  263.33 € ,"  4,013,058.80 € ","  2,417,106.07 € ",  173.87 € 
C5444,Europe,Austria,Soy,Online,Critical,5/22/2020,544463384,6/25/2020,7669,  255.28 € ,  159.42 € ,"  1,957,742.32 € ","  1,222,591.98 € ",  95.86 € 
C5740,Africa,Syria,Came,Online,High,4/17/2020,574051368,5/1/2020,3411,  47.45 € ,  31.79 € ,"  161,851.95 € ","  108,435.69 € ",  15.66 € 
C8246,Africa,Senegal,Orange,Online,Critical,9/10/2020,824643075,10/23/2020,9066,  9.33 € ,  6.92 € ,"  84,585.78 € ","  62,736.72 € ",  2.41 € 
C3931,Africa,Mauritius ,Lemon,Offline,Medium,2/11/2021,393162333,3/29/2021,4326,  81.73 € ,  56.67 € ,"  353,563.98 € ","  245,154.42 € ",  25.06 € 
C6968,Africa,Cote d'Ivoire,Orange,Online,High,6/28/2021,696845471,7/8/2021,915,  9.33 € ,  6.92 € ,"  8,536.95 € ","  6,331.80 € ",  2.41 € 
C5232,Central America and Caribbean,Belize,Sorghum,Offline,High,9/18/2020,523241317,10/3/2020,7588,  109.28 € ,  35.84 € ,"  829,216.64 € ","  271,953.92 € ",  73.44 € 
C9802,Africa,Morocco,Oatmeal,Offline,Low,12/15/2020,980211198,12/15/2020,5131,  205.70 € ,  117.11 € ,"  1,055,446.70 € ","  600,891.41 € ",  88.59 € 
C5459,Australia and Oceania,Australia,Sunflower,Online,Low,6/27/2020,545928943,8/10/2020,1361,  668.27 € ,  502.54 € ,"  909,515.47 € ","  683,956.94 € ",  165.73 € 
C9188,Africa,Senegal,Rice,Online,Low,11/5/2020,918880879,12/13/2020,6127,  154.06 € ,  90.93 € ,"  943,925.62 € ","  557,128.11 € ",  63.13 € 
C2678,Central America and Caribbean,Antigua and Barbuda ,Rice,Offline,High,7/18/2022,267865836,7/30/2022,6308,  154.06 € ,  90.93 € ,"  971,810.48 € ","  573,586.44 € ",  63.13 € 
C8819,Europe,Poland,Fish,Online,High,10/8/2020,881995141,10/20/2020,817,  651.21 € ,  524.96 € ,"  532,038.57 € ","  428,892.32 € ",  126.25 € 
C6206,Europe,Kosovo,Lemon,Online,Critical,2/17/2021,620692622,3/6/2021,5595,  81.73 € ,  56.67 € ,"  457,279.35 € ","  317,068.65 € ",  25.06 € 
C5636,Asia,Malaysia,Meat,Online,Medium,1/19/2021,563694608,2/11/2021,8616,  421.89 € ,  364.69 € ,"  3,635,004.24 € ","  3,142,169.04 € ",  57.20 € 
C9610,Central America and Caribbean,Guatemala,Came,Online,High,8/26/2022,961049926,9/9/2022,4885,  47.45 € ,  31.79 € ,"  231,793.25 € ","  155,294.15 € ",  15.66 € 
C7831,Australia and Oceania,Vanuatu,Fish,Online,Low,9/24/2022,783119904,10/30/2022,1437,  651.21 € ,  524.96 € ,"  935,788.77 € ","  754,367.52 € ",  126.25 € 
C8705,Central America and Caribbean,Nicaragua,Lemon,Online,High,10/13/2022,870578372,11/6/2022,2341,  81.73 € ,  56.67 € ,"  191,329.93 € ","  132,664.47 € ",  25.06 € 
C7844,Africa,Lesotho,Flour,Offline,Medium,11/3/2021,784411656,11/29/2021,3695,  152.58 € ,  97.44 € ,"  563,783.10 € ","  360,040.80 € ",  55.14 € 
C1559,Asia,Turkmenistan,Sunflower,Offline,Critical,10/10/2020,155918586,11/7/2020,8629,  668.27 € ,  502.54 € ,"  5,766,501.83 € ","  4,336,417.66 € ",  165.73 € 
C9367,Africa,Saudi Arabia,Corn,Offline,Critical,11/7/2020,936710488,12/8/2020,2304,  437.20 € ,  263.33 € ,"  1,007,308.80 € ","  606,712.32 € ",  173.87 € 
C6487,Asia,Japan,Flour,Online,Medium,4/24/2022,648711192,5/16/2022,6912,  152.58 € ,  97.44 € ,"  1,054,632.96 € ","  673,505.28 € ",  55.14 € 
C9341,Europe,Latvia,Sunflower,Online,Critical,2/1/2020,934157025,2/3/2020,6678,  668.27 € ,  502.54 € ,"  4,462,707.06 € ","  3,355,962.12 € ",  165.73 € 
C8055,North America,Greenland,Sorghum,Online,Critical,5/11/2022,805596816,5/23/2022,2855,  109.28 € ,  35.84 € ,"  311,994.40 € ","  102,323.20 € ",  73.44 € 
C6958,Central America and Caribbean,Costa Rica,Oatmeal,Online,High,7/30/2020,695891892,8/3/2020,8730,  205.70 € ,  117.11 € ,"  1,795,761.00 € ","  1,022,370.30 € ",  88.59 € 
C2082,Asia,Japan,Lemon,Offline,Low,4/24/2022,208216083,5/13/2022,4621,  81.73 € ,  56.67 € ,"  377,674.33 € ","  261,872.07 € ",  25.06 € 
C3660,Europe,Cyprus,Oatmeal,Offline,Critical,3/25/2021,366055715,4/5/2021,2875,  205.70 € ,  117.11 € ,"  591,387.50 € ","  336,691.25 € ",  88.59 € 
C4632,Africa,Pakistan,Meat,Online,Low,6/3/2021,463209617,6/27/2021,2874,  421.89 € ,  364.69 € ,"  1,212,511.86 € ","  1,048,119.06 € ",  57.20 € 
C3137,Europe,Monaco,Corn,Online,Medium,8/25/2021,313789117,9/7/2021,6028,  437.20 € ,  263.33 € ,"  2,635,441.60 € ","  1,587,353.24 € ",  173.87 € 
C7022,Asia,China,Oatmeal,Offline,Critical,7/6/2022,702218043,7/29/2022,779,  205.70 € ,  117.11 € ,"  160,240.30 € ","  91,228.69 € ",  88.59 € 
C2332,Australia and Oceania,New Zealand,Meat,Online,High,2/26/2022,233232724,3/8/2022,7601,  421.89 € ,  364.69 € ,"  3,206,785.89 € ","  2,772,008.69 € ",  57.20 € 
C2818,Central America and Caribbean,Guatemala,Soy,Offline,Low,7/20/2020,281881988,8/11/2020,3999,  255.28 € ,  159.42 € ,"  1,020,864.72 € ","  637,520.58 € ",  95.86 € 
C9435,Africa,Libya,Flour,Online,Medium,12/6/2020,943527162,12/22/2020,9509,  152.58 € ,  97.44 € ,"  1,450,883.22 € ","  926,556.96 € ",  55.14 € 
C5838,Europe,Liechtenstein,Meat,Offline,Medium,8/24/2022,583842074,10/4/2022,699,  421.89 € ,  364.69 € ,"  294,901.11 € ","  254,918.31 € ",  57.20 € 
C7888,Africa,Democratic Republic of the Congo,Soy,Online,High,8/3/2022,788813054,8/9/2022,6167,  255.28 € ,  159.42 € ,"  1,574,311.76 € ","  983,143.14 € ",  95.86 € 
C5147,Asia,Mongolia,Lemon,Online,Critical,5/4/2022,514738929,5/16/2022,1543,  81.73 € ,  56.67 € ,"  126,109.39 € ","  87,441.81 € ",  25.06 € 
C1382,Europe,Bosnia and Herzegovina,Orange,Offline,Medium,1/7/2021,138231027,1/28/2021,4487,  9.33 € ,  6.92 € ,"  41,863.71 € ","  31,050.04 € ",  2.41 € 
C1062,Central America and Caribbean,Cuba,Oatmeal,Online,Critical,6/13/2022,106213176,7/15/2022,9694,  205.70 € ,  117.11 € ,"  1,994,055.80 € ","  1,135,264.34 € ",  88.59 € 
C4859,Asia,Bhutan,Flour,Offline,Medium,4/6/2022,485921704,4/15/2022,3885,  152.58 € ,  97.44 € ,"  592,773.30 € ","  378,554.40 € ",  55.14 € 
C5149,Asia,Laos,Fish,Online,High,10/18/2020,514905440,10/22/2020,817,  651.21 € ,  524.96 € ,"  532,038.57 € ","  428,892.32 € ",  126.25 € 
C8510,Asia,Turkmenistan,Lemon,Online,Low,8/23/2021,851025712,9/27/2021,6275,  81.73 € ,  56.67 € ,"  512,855.75 € ","  355,604.25 € ",  25.06 € 
C4224,Australia and Oceania,Papua New Guinea,Soy,Offline,Low,8/24/2021,422456347,8/26/2021,3076,  255.28 € ,  159.42 € ,"  785,241.28 € ","  490,375.92 € ",  95.86 € 
C4776,Africa,Qatar,Corn,Offline,High,11/29/2020,477683675,12/23/2020,6069,  437.20 € ,  263.33 € ,"  2,653,366.80 € ","  1,598,149.77 € ",  173.87 € 
C5355,Australia and Oceania,Palau,Sorghum,Online,Low,5/19/2021,535506522,5/25/2021,7135,  109.28 € ,  35.84 € ,"  779,712.80 € ","  255,718.40 € ",  73.44 € 
C6350,Asia,Philippines,Oatmeal,Online,Low,7/15/2022,635036218,7/31/2022,184,  205.70 € ,  117.11 € ,"  37,848.80 € ","  21,548.24 € ",  88.59 € 
C8856,Australia and Oceania,Papua New Guinea,Meat,Offline,Low,10/31/2022,885696589,11/11/2022,6158,  421.89 € ,  364.69 € ,"  2,597,998.62 € ","  2,245,761.02 € ",  57.20 € 
C1172,Africa,Liberia,Rice,Offline,Low,2/14/2021,117223966,2/25/2021,8031,  154.06 € ,  90.93 € ,"  1,237,255.86 € ","  730,258.83 € ",  63.13 € 
C8296,Africa,Iran,Sorghum,Offline,High,12/16/2020,829667174,1/9/2021,5809,  109.28 € ,  35.84 € ,"  634,807.52 € ","  208,194.56 € ",  73.44 € 
C6433,Central America and Caribbean,Guatemala,Came,Offline,Critical,7/28/2020,643387544,8/20/2020,1527,  47.45 € ,  31.79 € ,"  72,456.15 € ","  48,543.33 € ",  15.66 € 
C8490,Australia and Oceania,Tuvalu,Flour,Offline,Low,1/9/2020,849058902,1/25/2020,4252,  152.58 € ,  97.44 € ,"  648,770.16 € ","  414,314.88 € ",  55.14 € 
C5576,Asia,Philippines,Fish,Offline,Low,8/19/2022,557667577,9/15/2022,5083,  651.21 € ,  524.96 € ,"  3,310,100.43 € ","  2,668,371.68 € ",  126.25 € 
C7505,Asia,Singapore,Sorghum,Offline,Critical,2/15/2022,750512397,3/4/2022,2151,  109.28 € ,  35.84 € ,"  235,061.28 € ","  77,091.84 € ",  73.44 € 
C2292,Asia,Laos,Rice,Online,Medium,3/13/2021,229204690,3/25/2021,5616,  154.06 € ,  90.93 € ,"  865,200.96 € ","  510,662.88 € ",  63.13 € 
C5656,Europe,Montenegro,Orange,Offline,High,7/10/2021,565668284,8/3/2021,2671,  9.33 € ,  6.92 € ,"  24,920.43 € ","  18,483.32 € ",  2.41 € 
C2521,Central America and Caribbean,Barbados,Flour,Offline,Medium,4/23/2022,252139508,5/23/2022,2538,  152.58 € ,  97.44 € ,"  387,248.04 € ","  247,302.72 € ",  55.14 € 
C5511,Africa,Egypt,Flour,Offline,High,10/1/2021,551167190,11/13/2021,1474,  152.58 € ,  97.44 € ,"  224,902.92 € ","  143,626.56 € ",  55.14 € 
C5456,Africa,Sudan,Sunflower,Offline,Critical,4/16/2021,545612657,5/29/2021,7765,  668.27 € ,  502.54 € ,"  5,189,116.55 € ","  3,902,223.10 € ",  165.73 € 
C2886,Africa,Democratic Republic of the Congo,Flour,Offline,Low,5/7/2021,288649737,6/20/2021,6727,  152.58 € ,  97.44 € ,"  1,026,405.66 € ","  655,478.88 € ",  55.14 € 
C3537,Central America and Caribbean,Cuba,Lemon,Online,Low,9/30/2022,353764760,10/27/2022,5709,  81.73 € ,  56.67 € ,"  466,596.57 € ","  323,529.03 € ",  25.06 € 
C4847,Africa,Ghana,Orange,Offline,Medium,6/5/2022,484756553,6/14/2022,9091,  9.33 € ,  6.92 € ,"  84,819.03 € ","  62,909.72 € ",  2.41 € 
C9457,Europe,Poland,Came,Online,Medium,7/30/2020,945736443,8/20/2020,3285,  47.45 € ,  31.79 € ,"  155,873.25 € ","  104,430.15 € ",  15.66 € 
C2711,Africa,Saudi Arabia,Came,Offline,Low,2/2/2022,271128261,3/7/2022,1732,  47.45 € ,  31.79 € ,"  82,183.40 € ","  55,060.28 € ",  15.66 € 
C2156,Central America and Caribbean,Barbados,Soy,Offline,Low,10/26/2020,215668332,11/21/2020,9907,  255.28 € ,  159.42 € ,"  2,529,058.96 € ","  1,579,373.94 € ",  95.86 € 
C8044,Europe,Bosnia and Herzegovina,Orange,Online,High,1/9/2021,804405486,2/1/2021,314,  9.33 € ,  6.92 € ,"  2,929.62 € ","  2,172.88 € ",  2.41 € 
C7827,Africa,Lebanon,Meat,Online,Medium,8/26/2021,782701051,9/1/2021,7489,  421.89 € ,  364.69 € ,"  3,159,534.21 € ","  2,731,163.41 € ",  57.20 € 
C7662,Europe,Latvia,Sunflower,Offline,Critical,8/15/2020,766228854,10/3/2020,3000,  668.27 € ,  502.54 € ,"  2,004,810.00 € ","  1,507,620.00 € ",  165.73 € 
C9909,Australia and Oceania,Australia,Orange,Online,Medium,12/21/2021,990975224,1/27/2022,445,  9.33 € ,  6.92 € ,"  4,151.85 € ","  3,079.40 € ",  2.41 € 
C8632,Africa,Jordan,Oatmeal,Online,Medium,2/20/2020,863238990,4/3/2020,455,  205.70 € ,  117.11 € ,"  93,593.50 € ","  53,285.05 € ",  88.59 € 
C3096,Europe,United Kingdom,Lemon,Offline,Medium,5/22/2021,309631478,5/27/2021,5690,  81.73 € ,  56.67 € ,"  465,043.70 € ","  322,452.30 € ",  25.06 € 
C2270,Central America and Caribbean,Haiti,Rice,Offline,Low,5/24/2022,227076518,7/13/2022,5843,  154.06 € ,  90.93 € ,"  900,172.58 € ","  531,303.99 € ",  63.13 € 
C2328,Asia,South Korea,Lemon,Online,Critical,3/23/2020,232810437,4/6/2020,2637,  81.73 € ,  56.67 € ,"  215,522.01 € ","  149,438.79 € ",  25.06 € 
C9143,Africa,Niger,Came,Online,Critical,5/10/2022,914382064,6/6/2022,4827,  47.45 € ,  31.79 € ,"  229,041.15 € ","  153,450.33 € ",  15.66 € 
C6796,Africa,Mozambique,Rice,Online,Critical,5/17/2022,679652726,6/13/2022,3200,  154.06 € ,  90.93 € ,"  492,992.00 € ","  290,976.00 € ",  63.13 € 
C7067,Europe,Armenia,Oatmeal,Online,Low,6/2/2021,706796252,7/16/2021,5572,  205.70 € ,  117.11 € ,"  1,146,160.40 € ","  652,536.92 € ",  88.59 € 
C8942,Europe,Iceland,Orange,Online,Medium,1/8/2021,894298970,1/26/2021,1793,  9.33 € ,  6.92 € ,"  16,728.69 € ","  12,407.56 € ",  2.41 € 
C3109,Central America and Caribbean,Panama,Came,Online,Low,9/10/2021,310959708,10/12/2021,8743,  47.45 € ,  31.79 € ,"  414,855.35 € ","  277,939.97 € ",  15.66 € 
C3458,Europe,Switzerland,Came,Offline,Low,6/27/2021,345889794,7/25/2021,5331,  47.45 € ,  31.79 € ,"  252,955.95 € ","  169,472.49 € ",  15.66 € 
C6585,Africa,Mauritius ,Orange,Online,High,4/15/2020,658513057,5/23/2020,7502,  9.33 € ,  6.92 € ,"  69,993.66 € ","  51,913.84 € ",  2.41 € 
C5285,Europe,Andorra,Fish,Online,Medium,3/28/2021,528565824,4/3/2021,3228,  651.21 € ,  524.96 € ,"  2,102,105.88 € ","  1,694,570.88 € ",  126.25 € 
C2060,Asia,Bangladesh,Fish,Online,High,9/28/2020,206096923,10/15/2020,7514,  651.21 € ,  524.96 € ,"  4,893,191.94 € ","  3,944,549.44 € ",  126.25 € 
C4614,Australia and Oceania,Tonga,Sorghum,Online,Low,4/25/2021,461467683,5/11/2021,7397,  109.28 € ,  35.84 € ,"  808,344.16 € ","  265,108.48 € ",  73.44 € 
C3353,Central America and Caribbean,Jamaica,Came,Online,High,8/4/2021,335351932,9/13/2021,6944,  47.45 € ,  31.79 € ,"  329,492.80 € ","  220,749.76 € ",  15.66 € 
C2887,Africa,Israel,Rice,Online,Medium,8/10/2020,288735997,9/14/2020,2253,  154.06 € ,  90.93 € ,"  347,097.18 € ","  204,865.29 € ",  63.13 € 
C8529,Europe,France,Lemon,Offline,Critical,2/3/2022,852918708,3/14/2022,6454,  81.73 € ,  56.67 € ,"  527,485.42 € ","  365,748.18 € ",  25.06 € 
C3795,Africa,Benin,Flour,Offline,Critical,8/3/2021,379511392,8/3/2021,4709,  152.58 € ,  97.44 € ,"  718,499.22 € ","  458,844.96 € ",  55.14 € 
C8904,Asia,Philippines,Rice,Offline,Medium,3/16/2022,890437877,3/24/2022,9210,  154.06 € ,  90.93 € ,"  1,418,892.60 € ","  837,465.30 € ",  63.13 € 
C4279,Europe,Slovakia,Orange,Offline,High,9/21/2021,427934491,10/4/2021,4180,  9.33 € ,  6.92 € ,"  38,999.40 € ","  28,925.60 € ",  2.41 € 
C7045,Asia,Laos,Sunflower,Offline,High,8/13/2022,704550063,8/18/2022,875,  668.27 € ,  502.54 € ,"  584,736.25 € ","  439,722.50 € ",  165.73 € 
C3531,Australia and Oceania,Nauru,Meat,Online,Critical,1/16/2022,353145921,2/23/2022,2580,  421.89 € ,  364.69 € ,"  1,088,476.20 € ","  940,900.20 € ",  57.20 € 
C7768,Africa,Benin,Flour,Online,Medium,11/9/2021,776895892,11/9/2021,9614,  152.58 € ,  97.44 € ,"  1,466,904.12 € ","  936,788.16 € ",  55.14 € 
C2992,Central America and Caribbean,Guatemala,Rice,Online,Critical,6/14/2021,299286305,8/3/2021,4323,  154.06 € ,  90.93 € ,"  666,001.38 € ","  393,090.39 € ",  63.13 € 
C9141,Central America and Caribbean,Belize,Flour,Online,High,1/17/2022,914115989,2/12/2022,6090,  152.58 € ,  97.44 € ,"  929,212.20 € ","  593,409.60 € ",  55.14 € 
C6354,Africa,Tunisia ,Soy,Offline,Critical,5/30/2022,635496270,7/5/2022,6323,  255.28 € ,  159.42 € ,"  1,614,135.44 € ","  1,008,012.66 € ",  95.86 € 
C2478,Africa,Republic of the Congo,Meat,Offline,High,4/13/2020,247850978,5/8/2020,3467,  421.89 € ,  364.69 € ,"  1,462,692.63 € ","  1,264,380.23 € ",  57.20 € 
C1559,Australia and Oceania,Kiribati,Sorghum,Offline,Low,5/21/2022,155916440,7/10/2022,7994,  109.28 € ,  35.84 € ,"  873,584.32 € ","  286,504.96 € ",  73.44 € 
C8347,Europe,Albania,Rice,Offline,Low,2/11/2020,834741485,2/17/2020,7410,  154.06 € ,  90.93 € ,"  1,141,584.60 € ","  673,791.30 € ",  63.13 € 
C5796,Australia and Oceania,Palau,Meat,Online,Low,6/2/2022,579687440,6/5/2022,1250,  421.89 € ,  364.69 € ,"  527,362.50 € ","  455,862.50 € ",  57.20 € 
C4564,Africa,Angola,Lemon,Online,High,1/27/2020,456428134,3/6/2020,6083,  81.73 € ,  56.67 € ,"  497,163.59 € ","  344,723.61 € ",  25.06 € 
C2509,Africa,Swaziland,Flour,Offline,Medium,5/27/2021,250949895,6/19/2021,505,  152.58 € ,  97.44 € ,"  77,052.90 € ","  49,207.20 € ",  55.14 € 
C7195,Central America and Caribbean,Barbados,Rice,Online,Low,4/9/2022,719551551,4/14/2022,149,  154.06 € ,  90.93 € ,"  22,954.94 € ","  13,548.57 € ",  63.13 € 
C4388,Europe,Sweden,Corn,Online,Critical,10/20/2021,438844430,12/7/2021,2674,  437.20 € ,  263.33 € ,"  1,169,072.80 € ","  704,144.42 € ",  173.87 € 
C7557,Africa,Zambia,Rice,Online,Critical,12/15/2020,755752360,2/3/2021,2773,  154.06 € ,  90.93 € ,"  427,208.38 € ","  252,148.89 € ",  63.13 € 
C8375,Africa,Sierra Leone,Sorghum,Online,Critical,2/1/2021,837511670,2/28/2021,7169,  109.28 € ,  35.84 € ,"  783,428.32 € ","  256,936.96 € ",  73.44 € 
C8216,Africa,Sierra Leone,Corn,Offline,Medium,7/12/2022,821671187,8/11/2022,9619,  437.20 € ,  263.33 € ,"  4,205,426.80 € ","  2,532,971.27 € ",  173.87 € 
C4660,Europe,Andorra,Rice,Online,Medium,4/17/2020,466092240,5/13/2020,5906,  154.06 € ,  90.93 € ,"  909,878.36 € ","  537,032.58 € ",  63.13 € 
C4989,Africa,Seychelles ,Soy,Offline,Medium,8/31/2022,498948657,9/16/2022,8850,  255.28 € ,  159.42 € ,"  2,259,228.00 € ","  1,410,867.00 € ",  95.86 € 
C3687,Europe,Andorra,Sunflower,Online,Low,3/5/2021,368726766,3/24/2021,3299,  668.27 € ,  502.54 € ,"  2,204,622.73 € ","  1,657,879.46 € ",  165.73 € 
C4942,Central America and Caribbean,Costa Rica,Came,Offline,Low,8/15/2020,494225394,9/24/2020,1132,  47.45 € ,  31.79 € ,"  53,713.40 € ","  35,986.28 € ",  15.66 € 
C9145,Africa,Burundi,Corn,Offline,Low,6/25/2020,914555871,8/11/2020,6261,  437.20 € ,  263.33 € ,"  2,737,309.20 € ","  1,648,709.13 € ",  173.87 € 
C8391,Australia and Oceania,Fiji,Sorghum,Online,Medium,1/28/2022,839142024,3/15/2022,9627,  109.28 € ,  35.84 € ,"  1,052,038.56 € ","  345,031.68 € ",  73.44 € 
C8977,North America,Canada,Came,Online,Medium,5/26/2021,897720181,6/2/2021,4206,  47.45 € ,  31.79 € ,"  199,574.70 € ","  133,708.74 € ",  15.66 € 
C8903,Asia,Philippines,Came,Offline,Critical,12/30/2021,890339171,2/9/2022,1,  47.45 € ,  31.79 € ,  47.45 € ,  31.79 € ,  15.66 € 
C2373,Asia,Turkmenistan,Flour,Offline,Low,2/7/2022,237360322,2/24/2022,9049,  152.58 € ,  97.44 € ,"  1,380,696.42 € ","  881,734.56 € ",  55.14 € 
C2294,Europe,Ukraine,Sorghum,Online,High,10/11/2021,229457461,11/26/2021,417,  109.28 € ,  35.84 € ,"  45,569.76 € ","  14,945.28 € ",  73.44 € 
C8776,Asia,Indonesia,Lemon,Online,Medium,6/28/2021,877616918,6/28/2021,5203,  81.73 € ,  56.67 € ,"  425,241.19 € ","  294,854.01 € ",  25.06 € 
C4631,Africa,Sao Tome and Principe,Rice,Offline,Low,9/2/2020,463137519,10/14/2020,1539,  154.06 € ,  90.93 € ,"  237,098.34 € ","  139,941.27 € ",  63.13 € 
C4876,Asia,Indonesia,Lemon,Online,Critical,1/10/2022,487630593,2/25/2022,9584,  81.73 € ,  56.67 € ,"  783,300.32 € ","  543,125.28 € ",  25.06 € 
C7230,Asia,India,Rice,Online,Critical,7/3/2021,723019969,7/27/2021,6531,  154.06 € ,  90.93 € ,"  1,006,165.86 € ","  593,863.83 € ",  63.13 € 
C5615,Africa,Israel,Soy,Online,Medium,3/6/2021,561541974,3/10/2021,1604,  255.28 € ,  159.42 € ,"  409,469.12 € ","  255,709.68 € ",  95.86 € 
C3657,Africa,Qatar,Rice,Online,High,2/4/2022,365745437,2/4/2022,1057,  154.06 € ,  90.93 € ,"  162,841.42 € ","  96,113.01 € ",  63.13 € 
C1184,Africa,Liberia,Sunflower,Offline,High,11/4/2022,118491685,12/14/2022,3178,  668.27 € ,  502.54 € ,"  2,123,762.06 € ","  1,597,072.12 € ",  165.73 € 
C7729,Africa,South Sudan,Sunflower,Online,High,12/25/2020,772954547,2/3/2021,3282,  668.27 € ,  502.54 € ,"  2,193,262.14 € ","  1,649,336.28 € ",  165.73 € 
C2026,Europe,Latvia,Rice,Online,Medium,3/13/2020,202620351,4/11/2020,8719,  154.06 € ,  90.93 € ,"  1,343,249.14 € ","  792,818.67 € ",  63.13 € 
C8512,Central America and Caribbean,Saint Lucia,Orange,Offline,Low,4/12/2020,851287925,5/6/2020,3869,  9.33 € ,  6.92 € ,"  36,097.77 € ","  26,773.48 € ",  2.41 € 
C2830,Africa,Mali,Rice,Offline,Critical,6/5/2021,283068597,6/13/2021,5143,  154.06 € ,  90.93 € ,"  792,330.58 € ","  467,652.99 € ",  63.13 € 
C6323,Europe,Portugal,Came,Offline,Medium,10/23/2022,632386195,12/12/2022,5983,  47.45 € ,  31.79 € ,"  283,893.35 € ","  190,199.57 € ",  15.66 € 
C9539,Asia,Malaysia,Flour,Online,Critical,2/20/2021,953977048,3/22/2021,1863,  152.58 € ,  97.44 € ,"  284,256.54 € ","  181,530.72 € ",  55.14 € 
C3728,Europe,Spain,Corn,Online,Low,9/4/2020,372889983,9/25/2020,5287,  437.20 € ,  263.33 € ,"  2,311,476.40 € ","  1,392,225.71 € ",  173.87 € 
C3344,Europe,Slovenia,Sorghum,Offline,Medium,5/15/2020,334486329,5/22/2020,793,  109.28 € ,  35.84 € ,"  86,659.04 € ","  28,421.12 € ",  73.44 € 
C5544,Africa,Jordan,Rice,Offline,Medium,12/29/2020,554439914,1/8/2021,9946,  154.06 € ,  90.93 € ,"  1,532,280.76 € ","  904,389.78 € ",  63.13 € 
C3687,Central America and Caribbean,Honduras,Sunflower,Online,Medium,11/15/2020,368737065,12/1/2020,6347,  668.27 € ,  502.54 € ,"  4,241,509.69 € ","  3,189,621.38 € ",  165.73 € 
C9836,Africa,Lebanon,Fish,Online,Low,2/28/2020,983676612,4/18/2020,624,  651.21 € ,  524.96 € ,"  406,355.04 € ","  327,575.04 € ",  126.25 € 
C5258,Africa,Tunisia ,Oatmeal,Online,Medium,4/6/2022,525869882,5/22/2022,5439,  205.70 € ,  117.11 € ,"  1,118,802.30 € ","  636,961.29 € ",  88.59 € 
C7922,Europe,Romania,Orange,Offline,High,12/28/2020,792240703,1/29/2021,484,  9.33 € ,  6.92 € ,"  4,515.72 € ","  3,349.28 € ",  2.41 € 
C5000,Europe,Netherlands,Oatmeal,Offline,High,12/30/2021,500025403,2/15/2022,7483,  205.70 € ,  117.11 € ,"  1,539,253.10 € ","  876,334.13 € ",  88.59 € 
C2367,Africa,Azerbaijan,Orange,Online,Low,4/25/2021,236772811,5/11/2021,5191,  9.33 € ,  6.92 € ,"  48,432.03 € ","  35,921.72 € ",  2.41 € 
C2103,Europe,Slovenia,Sunflower,Online,Medium,2/11/2021,210344254,3/15/2021,4394,  668.27 € ,  502.54 € ,"  2,936,378.38 € ","  2,208,160.76 € ",  165.73 € 
C6989,Africa,Chad,Sorghum,Online,Critical,7/12/2022,698913562,8/2/2022,2909,  109.28 € ,  35.84 € ,"  317,895.52 € ","  104,258.56 € ",  73.44 € 
C7009,Australia and Oceania,Nauru,Rice,Online,Medium,5/17/2021,700967061,6/13/2021,585,  154.06 € ,  90.93 € ,"  90,125.10 € ","  53,194.05 € ",  63.13 € 
C1853,Africa,Kenya,Sorghum,Offline,Low,1/8/2021,185303580,2/7/2021,4302,  109.28 € ,  35.84 € ,"  470,122.56 € ","  154,183.68 € ",  73.44 € 
C5410,Central America and Caribbean,Jamaica,Lemon,Online,High,5/20/2022,541034448,6/11/2022,2971,  81.73 € ,  56.67 € ,"  242,819.83 € ","  168,366.57 € ",  25.06 € 
C5275,Europe,Bosnia and Herzegovina,Soy,Offline,Low,6/25/2022,527583491,7/31/2022,2534,  255.28 € ,  159.42 € ,"  646,879.52 € ","  403,970.28 € ",  95.86 € 
C3246,Central America and Caribbean,Antigua and Barbuda ,Lemon,Offline,Critical,8/9/2021,324687039,8/25/2021,965,  81.73 € ,  56.67 € ,"  78,869.45 € ","  54,686.55 € ",  25.06 € 
C1823,Europe,Romania,Corn,Online,Medium,11/13/2021,182393920,12/31/2021,3269,  437.20 € ,  263.33 € ,"  1,429,206.80 € ","  860,825.77 € ",  173.87 € 
C8710,Asia,Kazakhstan,Orange,Offline,Critical,1/29/2020,871065461,2/23/2020,6482,  9.33 € ,  6.92 € ,"  60,477.06 € ","  44,855.44 € ",  2.41 € 
C5313,Africa,Burkina Faso,Fish,Offline,High,7/31/2020,531375491,9/3/2020,4671,  651.21 € ,  524.96 € ,"  3,041,801.91 € ","  2,452,088.16 € ",  126.25 € 
C5243,Central America and Caribbean,Saint Lucia,Oatmeal,Offline,Low,6/1/2022,524310338,6/23/2022,3935,  205.70 € ,  117.11 € ,"  809,429.50 € ","  460,827.85 € ",  88.59 € 
C4811,Central America and Caribbean,Jamaica,Flour,Offline,High,9/23/2020,481168830,10/20/2020,7404,  152.58 € ,  97.44 € ,"  1,129,702.32 € ","  721,445.76 € ",  55.14 € 
C5535,Africa,Bahrain,Sunflower,Online,Medium,7/5/2022,553562295,8/22/2022,239,  668.27 € ,  502.54 € ,"  159,716.53 € ","  120,107.06 € ",  165.73 € 
C9634,Africa,Pakistan,Oatmeal,Offline,Critical,4/11/2022,963414561,5/4/2022,4633,  205.70 € ,  117.11 € ,"  953,008.10 € ","  542,570.63 € ",  88.59 € 
C6529,Central America and Caribbean,Saint Lucia,Oatmeal,Online,Low,9/5/2020,652961957,9/7/2020,4808,  205.70 € ,  117.11 € ,"  989,005.60 € ","  563,064.88 € ",  88.59 € 
C4347,Africa,Angola,Flour,Online,Critical,3/11/2020,434753310,4/7/2020,2021,  152.58 € ,  97.44 € ,"  308,364.18 € ","  196,926.24 € ",  55.14 € 
C7416,Europe,Kosovo,Corn,Online,Low,10/29/2020,741649949,12/18/2020,9556,  437.20 € ,  263.33 € ,"  4,177,883.20 € ","  2,516,381.48 € ",  173.87 € 
C2768,Europe,Georgia,Orange,Offline,Low,8/1/2021,276825702,8/11/2021,7732,  9.33 € ,  6.92 € ,"  72,139.56 € ","  53,505.44 € ",  2.41 € 
C9637,Australia and Oceania,Nauru,Sunflower,Online,Medium,11/6/2021,963766896,11/21/2021,8896,  668.27 € ,  502.54 € ,"  5,944,929.92 € ","  4,470,595.84 € ",  165.73 € 
C2962,Australia and Oceania,Solomon Islands,Fish,Online,Low,11/6/2022,296272361,11/11/2022,2430,  651.21 € ,  524.96 € ,"  1,582,440.30 € ","  1,275,652.80 € ",  126.25 € 
C7884,Asia,Thailand,Soy,Offline,Critical,6/28/2020,788453423,8/4/2020,9744,  255.28 € ,  159.42 € ,"  2,487,448.32 € ","  1,553,388.48 € ",  95.86 € 
C5247,Europe,Russia,Oatmeal,Offline,Medium,2/3/2021,524733912,2/8/2021,9280,  205.70 € ,  117.11 € ,"  1,908,896.00 € ","  1,086,780.80 € ",  88.59 € 
C8098,Australia and Oceania,Samoa ,Orange,Online,Medium,10/18/2022,809850156,11/4/2022,1513,  9.33 € ,  6.92 € ,"  14,116.29 € ","  10,469.96 € ",  2.41 € 
C3188,Australia and Oceania,Vanuatu,Flour,Offline,Low,9/18/2022,318850982,10/6/2022,3946,  152.58 € ,  97.44 € ,"  602,080.68 € ","  384,498.24 € ",  55.14 € 
C9470,Africa,Lesotho,Orange,Offline,High,3/23/2021,947097718,4/10/2021,6116,  9.33 € ,  6.92 € ,"  57,062.28 € ","  42,322.72 € ",  2.41 € 
C1602,Australia and Oceania,Solomon Islands,Came,Online,High,7/14/2020,160264194,7/28/2020,4591,  47.45 € ,  31.79 € ,"  217,842.95 € ","  145,947.89 € ",  15.66 € 
C4443,Asia,Taiwan,Flour,Offline,Critical,5/23/2020,444336736,6/9/2020,7969,  152.58 € ,  97.44 € ,"  1,215,910.02 € ","  776,499.36 € ",  55.14 € 
C7556,Asia,Singapore,Rice,Online,Low,5/19/2022,755614173,6/14/2022,1880,  154.06 € ,  90.93 € ,"  289,632.80 € ","  170,948.40 € ",  63.13 € 
C5707,Africa,Ghana,Rice,Offline,Medium,10/6/2022,570707833,10/7/2022,3985,  154.06 € ,  90.93 € ,"  613,929.10 € ","  362,356.05 € ",  63.13 € 
C3365,Europe,Belarus,Came,Offline,High,7/2/2022,336541545,8/18/2022,8977,  47.45 € ,  31.79 € ,"  425,958.65 € ","  285,378.83 € ",  15.66 € 
C1203,Africa,Lesotho,Flour,Offline,Critical,2/3/2020,120351636,2/26/2020,3578,  152.58 € ,  97.44 € ,"  545,931.24 € ","  348,640.32 € ",  55.14 € 
C9596,Africa,Democratic Republic of the Congo,Oatmeal,Online,Critical,7/30/2021,959686934,9/2/2021,1545,  205.70 € ,  117.11 € ,"  317,806.50 € ","  180,934.95 € ",  88.59 € 
C8124,Europe,San Marino,Orange,Online,Low,12/25/2021,812408769,2/8/2022,8663,  9.33 € ,  6.92 € ,"  80,825.79 € ","  59,947.96 € ",  2.41 € 
C4066,Africa,Mauritius ,Orange,Online,Medium,1/3/2021,406690967,1/11/2021,7749,  9.33 € ,  6.92 € ,"  72,298.17 € ","  53,623.08 € ",  2.41 € 
C9910,Europe,Kosovo,Rice,Online,Medium,8/14/2021,991019856,9/25/2021,3653,  154.06 € ,  90.93 € ,"  562,781.18 € ","  332,167.29 € ",  63.13 € 
C2841,Africa,Tunisia ,Rice,Offline,High,1/15/2020,284194266,1/16/2020,8254,  154.06 € ,  90.93 € ,"  1,271,611.24 € ","  750,536.22 € ",  63.13 € 
C1253,Europe,Czech Republic,Fish,Online,High,6/20/2021,125325524,6/24/2021,5463,  651.21 € ,  524.96 € ,"  3,557,560.23 € ","  2,867,856.48 € ",  126.25 € 
C6238,Australia and Oceania,Federated States of Micronesia,Corn,Offline,Low,7/2/2021,623837459,7/10/2021,6222,  437.20 € ,  263.33 € ,"  2,720,258.40 € ","  1,638,439.26 € ",  173.87 € 
C6094,Europe,Estonia,Sunflower,Offline,Medium,11/8/2021,609466397,12/10/2021,3506,  668.27 € ,  502.54 € ,"  2,342,954.62 € ","  1,761,905.24 € ",  165.73 € 
C7822,Asia,Nepal,Orange,Offline,Low,5/10/2020,782261168,6/15/2020,7318,  9.33 € ,  6.92 € ,"  68,276.94 € ","  50,640.56 € ",  2.41 € 
C5625,Africa,Democratic Republic of the Congo,Came,Offline,Medium,12/15/2020,562583100,1/24/2021,9696,  47.45 € ,  31.79 € ,"  460,075.20 € ","  308,235.84 € ",  15.66 € 
C3411,Asia,Singapore,Flour,Offline,High,11/9/2020,341106021,11/12/2020,9707,  152.58 € ,  97.44 € ,"  1,481,094.06 € ","  945,850.08 € ",  55.14 € 
C1288,Asia,India,Came,Online,High,7/11/2020,128816258,7/12/2020,8448,  47.45 € ,  31.79 € ,"  400,857.60 € ","  268,561.92 € ",  15.66 € 
C9070,Africa,Angola,Oatmeal,Offline,Medium,4/4/2022,907012641,5/19/2022,4051,  205.70 € ,  117.11 € ,"  833,290.70 € ","  474,412.61 € ",  88.59 € 
C5773,Asia,Kyrgyzstan,Soy,Online,Critical,3/5/2020,577306497,3/12/2020,6676,  255.28 € ,  159.42 € ,"  1,704,249.28 € ","  1,064,287.92 € ",  95.86 € 
C7116,Africa,Burundi,Sunflower,Offline,Critical,8/31/2021,711621654,9/2/2021,3516,  668.27 € ,  502.54 € ,"  2,349,637.32 € ","  1,766,930.64 € ",  165.73 € 
C7021,Africa,South Africa,Fish,Online,Medium,3/23/2020,702194440,3/30/2020,3794,  651.21 € ,  524.96 € ,"  2,470,690.74 € ","  1,991,698.24 € ",  126.25 € 
C9115,Europe,Georgia,Oatmeal,Offline,Low,8/14/2022,911573684,9/19/2022,3765,  205.70 € ,  117.11 € ,"  774,460.50 € ","  440,919.15 € ",  88.59 € 
C4226,Africa,The Gambia,Came,Offline,Low,9/19/2021,422620713,10/5/2021,1715,  47.45 € ,  31.79 € ,"  81,376.75 € ","  54,519.85 € ",  15.66 € 
C1885,Asia,Nepal,Sunflower,Online,Critical,10/18/2020,188509356,10/31/2020,2963,  668.27 € ,  502.54 € ,"  1,980,084.01 € ","  1,489,026.02 € ",  165.73 € 
C7827,Europe,Albania,Rice,Online,Medium,9/7/2020,782725942,9/15/2020,4855,  154.06 € ,  90.93 € ,"  747,961.30 € ","  441,465.15 € ",  63.13 € 
C1490,Central America and Caribbean,Dominica,Fish,Online,Critical,3/4/2021,149069297,3/22/2021,1772,  651.21 € ,  524.96 € ,"  1,153,944.12 € ","  930,229.12 € ",  126.25 € 
C3516,Africa,Oman,Came,Online,Medium,6/16/2022,351650750,7/9/2022,126,  47.45 € ,  31.79 € ,"  5,978.70 € ","  4,005.54 € ",  15.66 € 
C8248,Africa,Ethiopia,Oatmeal,Online,Medium,11/6/2020,824894130,12/20/2020,3359,  205.70 € ,  117.11 € ,"  690,946.30 € ","  393,372.49 € ",  88.59 € 
C6235,Central America and Caribbean,Saint Kitts and Nevis ,Came,Online,High,8/21/2021,623535764,9/1/2021,6944,  47.45 € ,  31.79 € ,"  329,492.80 € ","  220,749.76 € ",  15.66 € 
C6726,Africa,The Gambia,Rice,Online,Medium,7/5/2020,672624480,8/22/2020,3386,  154.06 € ,  90.93 € ,"  521,647.16 € ","  307,888.98 € ",  63.13 € 
C6175,Africa,Rwanda,Corn,Online,Medium,2/15/2022,617521607,3/24/2022,7221,  437.20 € ,  263.33 € ,"  3,157,021.20 € ","  1,901,505.93 € ",  173.87 € 
C1739,Asia,Japan,Orange,Offline,Critical,7/19/2021,173900973,7/19/2021,17,  9.33 € ,  6.92 € ,  158.61 € ,  117.64 € ,  2.41 € 
C4777,Europe,Ireland,Rice,Online,Low,10/24/2022,477748906,11/18/2022,5373,  154.06 € ,  90.93 € ,"  827,764.38 € ","  488,566.89 € ",  63.13 € 
C9353,Europe,Andorra,Soy,Offline,Medium,5/11/2020,935364234,6/14/2020,3918,  255.28 € ,  159.42 € ,"  1,000,187.04 € ","  624,607.56 € ",  95.86 € 
C5733,Asia,Kazakhstan,Flour,Online,Critical,6/15/2020,573358285,6/29/2020,8313,  152.58 € ,  97.44 € ,"  1,268,397.54 € ","  810,018.72 € ",  55.14 € 
C2886,Europe,Italy,Rice,Offline,High,8/17/2022,288654887,9/29/2022,8251,  154.06 € ,  90.93 € ,"  1,271,149.06 € ","  750,263.43 € ",  63.13 € 
C5984,Africa,Tanzania,Flour,Offline,Low,2/1/2021,598490369,2/7/2021,5455,  152.58 € ,  97.44 € ,"  832,323.90 € ","  531,535.20 € ",  55.14 € 
C2904,Central America and Caribbean,Antigua and Barbuda ,Sorghum,Offline,Critical,6/15/2020,290413558,7/19/2020,8680,  109.28 € ,  35.84 € ,"  948,550.40 € ","  311,091.20 € ",  73.44 € 
C4722,Africa,Qatar,Corn,Online,Medium,1/13/2020,472285783,1/27/2020,8713,  437.20 € ,  263.33 € ,"  3,809,323.60 € ","  2,294,394.29 € ",  173.87 € 
C5222,Africa,Jordan,Meat,Offline,Medium,12/16/2020,522280871,1/12/2021,3371,  421.89 € ,  364.69 € ,"  1,422,191.19 € ","  1,229,369.99 € ",  57.20 € 
C3388,Central America and Caribbean,El Salvador,Sunflower,Online,Low,11/27/2021,338885152,12/11/2021,2502,  668.27 € ,  502.54 € ,"  1,672,011.54 € ","  1,257,355.08 € ",  165.73 € 
C7908,Australia and Oceania,Tonga,Sunflower,Offline,Low,7/12/2020,790897452,7/17/2020,2986,  668.27 € ,  502.54 € ,"  1,995,454.22 € ","  1,500,584.44 € ",  165.73 € 
C5674,Africa,Madagascar,Meat,Offline,High,8/6/2020,567429101,9/19/2020,3735,  421.89 € ,  364.69 € ,"  1,575,759.15 € ","  1,362,117.15 € ",  57.20 € 
C2279,Africa,Seychelles ,Soy,Offline,Medium,12/29/2021,227903926,1/10/2022,691,  255.28 € ,  159.42 € ,"  176,398.48 € ","  110,159.22 € ",  95.86 € 
C8520,Africa,Swaziland,Came,Offline,Medium,2/23/2022,852058255,2/28/2022,1827,  47.45 € ,  31.79 € ,"  86,691.15 € ","  58,080.33 € ",  15.66 € 
C8899,Australia and Oceania,Tonga,Oatmeal,Online,Critical,4/25/2020,889940917,4/30/2020,2149,  205.70 € ,  117.11 € ,"  442,049.30 € ","  251,669.39 € ",  88.59 € 
C2119,Africa,Azerbaijan,Came,Offline,Medium,11/16/2021,211913239,11/27/2021,8692,  47.45 € ,  31.79 € ,"  412,435.40 € ","  276,318.68 € ",  15.66 € 
C5586,Africa,Madagascar,Oatmeal,Offline,Critical,8/10/2022,558649051,8/15/2022,5523,  205.70 € ,  117.11 € ,"  1,136,081.10 € ","  646,798.53 € ",  88.59 € 
C5911,Africa,Iran,Soy,Online,High,7/16/2021,591134679,8/23/2021,8743,  255.28 € ,  159.42 € ,"  2,231,913.04 € ","  1,393,809.06 € ",  95.86 € 
C8406,Australia and Oceania,New Zealand,Corn,Offline,Low,5/27/2022,840668952,7/10/2022,1479,  437.20 € ,  263.33 € ,"  646,618.80 € ","  389,465.07 € ",  173.87 € 
C5588,Africa,Democratic Republic of the Congo,Sunflower,Online,Critical,9/29/2020,558863198,10/23/2020,8894,  668.27 € ,  502.54 € ,"  5,943,593.38 € ","  4,469,590.76 € ",  165.73 € 
C8676,Europe,Lithuania,Soy,Offline,Low,7/12/2022,867641246,7/27/2022,3180,  255.28 € ,  159.42 € ,"  811,790.40 € ","  506,955.60 € ",  95.86 € 
C7092,Africa,Seychelles ,Oatmeal,Online,Low,9/4/2022,709239423,9/24/2022,8561,  205.70 € ,  117.11 € ,"  1,760,997.70 € ","  1,002,578.71 € ",  88.59 € 
C8962,Europe,Croatia,Oatmeal,Online,Critical,10/20/2020,896206557,11/16/2020,6291,  205.70 € ,  117.11 € ,"  1,294,058.70 € ","  736,739.01 € ",  88.59 € 
C9614,Africa,Swaziland,Soy,Online,Critical,8/26/2022,961403977,10/5/2022,9656,  255.28 € ,  159.42 € ,"  2,464,983.68 € ","  1,539,359.52 € ",  95.86 € 
C5080,Asia,Singapore,Flour,Online,High,6/27/2021,508005511,8/15/2021,8975,  152.58 € ,  97.44 € ,"  1,369,405.50 € ","  874,524.00 € ",  55.14 € 
C5594,Europe,Germany,Orange,Online,Critical,6/5/2022,559497487,6/14/2022,6595,  9.33 € ,  6.92 € ,"  61,531.35 € ","  45,637.40 € ",  2.41 € 
C4096,Europe,Norway,Corn,Online,Low,12/20/2020,409678733,1/2/2021,1896,  437.20 € ,  263.33 € ,"  828,931.20 € ","  499,273.68 € ",  173.87 € 
C7726,Asia,Malaysia,Corn,Online,Medium,8/10/2021,772660577,8/26/2021,6290,  437.20 € ,  263.33 € ,"  2,749,988.00 € ","  1,656,345.70 € ",  173.87 € 
C6328,Europe,Austria,Came,Online,Critical,1/29/2022,632866847,2/12/2022,8219,  47.45 € ,  31.79 € ,"  389,991.55 € ","  261,282.01 € ",  15.66 € 
C3950,Asia,Malaysia,Flour,Online,Medium,7/10/2020,395033872,7/23/2020,8156,  152.58 € ,  97.44 € ,"  1,244,442.48 € ","  794,720.64 € ",  55.14 € 
C5342,Africa,Lesotho,Lemon,Offline,High,8/20/2022,534210479,8/29/2022,3607,  81.73 € ,  56.67 € ,"  294,800.11 € ","  204,408.69 € ",  25.06 € 
C2457,Africa,Benin,Orange,Offline,High,3/18/2020,245757997,3/30/2020,4107,  9.33 € ,  6.92 € ,"  38,318.31 € ","  28,420.44 € ",  2.41 € 
C5953,Europe,Greece,Fish,Offline,Low,3/5/2021,595350253,3/24/2021,6225,  651.21 € ,  524.96 € ,"  4,053,782.25 € ","  3,267,876.00 € ",  126.25 € 
C4689,Europe,Lithuania,Oatmeal,Offline,Low,6/3/2022,468973577,7/13/2022,8558,  205.70 € ,  117.11 € ,"  1,760,380.60 € ","  1,002,227.38 € ",  88.59 € 
C6229,Africa,Comoros,Meat,Offline,High,9/2/2022,622926795,9/26/2022,6736,  421.89 € ,  364.69 € ,"  2,841,851.04 € ","  2,456,551.84 € ",  57.20 € 
C5338,Asia,Myanmar,Sunflower,Offline,Medium,1/17/2021,533821237,2/21/2021,8421,  668.27 € ,  502.54 € ,"  5,627,501.67 € ","  4,231,889.34 € ",  165.73 € 
C6485,Africa,Ethiopia,Lemon,Online,Low,5/14/2021,648580729,6/4/2021,8306,  81.73 € ,  56.67 € ,"  678,849.38 € ","  470,701.02 € ",  25.06 € 
C1344,Africa,Guinea,Oatmeal,Offline,Critical,2/16/2022,134441602,4/5/2022,3112,  205.70 € ,  117.11 € ,"  640,138.40 € ","  364,446.32 € ",  88.59 € 
C9289,Central America and Caribbean,Saint Lucia,Corn,Offline,Low,10/21/2020,928952682,11/5/2020,6597,  437.20 € ,  263.33 € ,"  2,884,208.40 € ","  1,737,188.01 € ",  173.87 € 
C9899,Africa,Eritrea,Fish,Offline,Medium,12/27/2020,989975297,2/7/2021,4545,  651.21 € ,  524.96 € ,"  2,959,749.45 € ","  2,385,943.20 € ",  126.25 € 
C1456,Africa,Niger,Lemon,Offline,Low,5/21/2022,145683276,6/18/2022,9774,  81.73 € ,  56.67 € ,"  798,829.02 € ","  553,892.58 € ",  25.06 € 
C5445,Central America and Caribbean,Barbados,Corn,Online,Medium,3/29/2022,544562947,5/11/2022,7132,  437.20 € ,  263.33 € ,"  3,118,110.40 € ","  1,878,069.56 € ",  173.87 € 
C8054,Australia and Oceania,Tonga,Flour,Offline,Critical,6/30/2022,805413138,8/10/2022,8501,  152.58 € ,  97.44 € ,"  1,297,082.58 € ","  828,337.44 € ",  55.14 € 
C9673,Asia,Indonesia,Came,Offline,Low,8/19/2022,967345178,9/29/2022,7789,  47.45 € ,  31.79 € ,"  369,588.05 € ","  247,612.31 € ",  15.66 € 
C2397,Asia,Indonesia,Sorghum,Online,High,2/7/2021,239782893,3/28/2021,5941,  109.28 € ,  35.84 € ,"  649,232.48 € ","  212,925.44 € ",  73.44 € 
C1524,Africa,Lebanon,Lemon,Offline,Critical,6/27/2022,152462613,8/1/2022,5930,  81.73 € ,  56.67 € ,"  484,658.90 € ","  336,053.10 € ",  25.06 € 
C5054,Africa,Afghanistan,Sorghum,Online,Critical,10/1/2021,505433166,10/9/2021,7760,  109.28 € ,  35.84 € ,"  848,012.80 € ","  278,118.40 € ",  73.44 € 
C7190,Europe,Hungary,Orange,Offline,Low,11/4/2022,719055879,12/14/2022,3468,  9.33 € ,  6.92 € ,"  32,356.44 € ","  23,998.56 € ",  2.41 € 
C2840,Africa,Gabon,Corn,Offline,Medium,2/11/2020,284004580,3/22/2020,2121,  437.20 € ,  263.33 € ,"  927,301.20 € ","  558,522.93 € ",  173.87 € 
C1112,Asia,Mongolia,Fish,Offline,Medium,8/7/2022,111265599,9/7/2022,4818,  651.21 € ,  524.96 € ,"  3,137,529.78 € ","  2,529,257.28 € ",  126.25 € 
C2821,North America,Canada,Soy,Offline,Low,2/28/2021,282137763,3/25/2021,9689,  255.28 € ,  159.42 € ,"  2,473,407.92 € ","  1,544,620.38 € ",  95.86 € 
C4982,Africa,Afghanistan,Sunflower,Online,High,5/11/2021,498232400,6/27/2021,6894,  668.27 € ,  502.54 € ,"  4,607,053.38 € ","  3,464,510.76 € ",  165.73 € 
C5314,Europe,Liechtenstein,Oatmeal,Offline,Medium,1/2/2022,531473338,1/11/2022,3626,  205.70 € ,  117.11 € ,"  745,868.20 € ","  424,640.86 € ",  88.59 € 
C6740,Central America and Caribbean,Honduras,Soy,Online,Critical,4/23/2022,674096906,6/1/2022,9109,  255.28 € ,  159.42 € ,"  2,325,345.52 € ","  1,452,156.78 € ",  95.86 € 
C3886,North America,Mexico,Soy,Online,High,6/18/2020,388651931,8/7/2020,9598,  255.28 € ,  159.42 € ,"  2,450,177.44 € ","  1,530,113.16 € ",  95.86 € 
C5579,Africa,Liberia,Fish,Online,Medium,10/8/2020,557999742,10/28/2020,3378,  651.21 € ,  524.96 € ,"  2,199,787.38 € ","  1,773,314.88 € ",  126.25 € 
C3353,Europe,Ireland,Flour,Offline,High,10/16/2020,335314166,11/1/2020,5768,  152.58 € ,  97.44 € ,"  880,081.44 € ","  562,033.92 € ",  55.14 € 
C2940,Africa,Morocco,Meat,Offline,Critical,5/8/2021,294081532,5/24/2021,4115,  421.89 € ,  364.69 € ,"  1,736,077.35 € ","  1,500,699.35 € ",  57.20 € 
C1781,Central America and Caribbean,Dominica,Sorghum,Offline,Medium,3/30/2022,178100669,5/9/2022,2801,  109.28 € ,  35.84 € ,"  306,093.28 € ","  100,387.84 € ",  73.44 € 
C2514,Africa,Cameroon,Sunflower,Offline,Medium,10/21/2020,251482903,11/6/2020,8234,  668.27 € ,  502.54 € ,"  5,502,535.18 € ","  4,137,914.36 € ",  165.73 € 
C8486,Asia,Nepal,Meat,Offline,Low,12/4/2021,848652064,12/20/2021,3860,  421.89 € ,  364.69 € ,"  1,628,495.40 € ","  1,407,703.40 € ",  57.20 € 
C1243,Europe,Albania,Oatmeal,Online,Critical,4/25/2022,124344480,5/16/2022,5150,  205.70 € ,  117.11 € ,"  1,059,355.00 € ","  603,116.50 € ",  88.59 € 
C8036,Asia,Maldives,Lemon,Online,Low,7/8/2020,803608977,7/10/2020,4609,  81.73 € ,  56.67 € ,"  376,693.57 € ","  261,192.03 € ",  25.06 € 
C7318,Africa,Turkey,Sorghum,Offline,High,3/14/2021,731806886,4/28/2021,6775,  109.28 € ,  35.84 € ,"  740,372.00 € ","  242,816.00 € ",  73.44 € 
C5246,Australia and Oceania,New Zealand,Rice,Offline,Critical,4/12/2022,524612033,5/1/2022,3213,  154.06 € ,  90.93 € ,"  494,994.78 € ","  292,158.09 € ",  63.13 € 
C4180,Africa,Lebanon,Oatmeal,Offline,High,1/27/2022,418010747,2/7/2022,7524,  205.70 € ,  117.11 € ,"  1,547,686.80 € ","  881,135.64 € ",  88.59 € 
C7183,Europe,Luxembourg,Sorghum,Online,Low,9/26/2020,718301856,11/12/2020,336,  109.28 € ,  35.84 € ,"  36,718.08 € ","  12,042.24 € ",  73.44 € 
C4520,Africa,Togo,Sorghum,Online,Medium,9/7/2021,452096688,9/18/2021,4311,  109.28 € ,  35.84 € ,"  471,106.08 € ","  154,506.24 € ",  73.44 € 
C5163,Europe,Hungary,Lemon,Offline,High,7/31/2021,516319072,8/31/2021,9142,  81.73 € ,  56.67 € ,"  747,175.66 € ","  518,077.14 € ",  25.06 € 
C5282,Europe,Lithuania,Sunflower,Online,Low,5/10/2020,528205335,6/24/2020,6551,  668.27 € ,  502.54 € ,"  4,377,836.77 € ","  3,292,139.54 € ",  165.73 € 
C1753,Asia,Bangladesh,Fish,Offline,Medium,8/19/2022,175304305,9/18/2022,5294,  651.21 € ,  524.96 € ,"  3,447,505.74 € ","  2,779,138.24 € ",  126.25 € 
C5654,Asia,China,Came,Online,Low,12/28/2021,565477311,1/22/2022,6157,  47.45 € ,  31.79 € ,"  292,149.65 € ","  195,731.03 € ",  15.66 € 
C1768,Africa,Equatorial Guinea,Meat,Offline,Medium,6/5/2022,176898181,6/16/2022,6958,  421.89 € ,  364.69 € ,"  2,935,510.62 € ","  2,537,513.02 € ",  57.20 € 
C7080,Europe,Belgium,Oatmeal,Offline,Medium,8/14/2022,708053243,9/12/2022,7544,  205.70 € ,  117.11 € ,"  1,551,800.80 € ","  883,477.84 € ",  88.59 € 
C3277,Africa,Turkey,Flour,Online,High,3/20/2020,327741324,3/29/2020,4796,  152.58 € ,  97.44 € ,"  731,773.68 € ","  467,322.24 € ",  55.14 € 
C4250,Asia,Indonesia,Lemon,Offline,Medium,11/7/2021,425073754,12/22/2021,7625,  81.73 € ,  56.67 € ,"  623,191.25 € ","  432,108.75 € ",  25.06 € 
C6594,Europe,Russia,Orange,Online,Low,9/8/2021,659474360,9/25/2021,1973,  9.33 € ,  6.92 € ,"  18,408.09 € ","  13,653.16 € ",  2.41 € 
C3106,Europe,Armenia,Meat,Online,Medium,1/5/2020,310679471,1/27/2020,5814,  421.89 € ,  364.69 € ,"  2,452,868.46 € ","  2,120,307.66 € ",  57.20 € 
C5287,Central America and Caribbean,Belize,Corn,Online,Critical,10/19/2021,528737914,12/1/2021,4153,  437.20 € ,  263.33 € ,"  1,815,691.60 € ","  1,093,609.49 € ",  173.87 € 
C2840,Europe,Finland,Flour,Offline,High,12/30/2020,284011018,1/25/2021,4026,  152.58 € ,  97.44 € ,"  614,287.08 € ","  392,293.44 € ",  55.14 € 
C4171,Australia and Oceania,Samoa ,Soy,Offline,Low,12/14/2021,417172610,12/19/2021,9501,  255.28 € ,  159.42 € ,"  2,425,415.28 € ","  1,514,649.42 € ",  95.86 € 
C4892,Africa,The Gambia,Corn,Offline,Critical,11/4/2020,489209020,12/5/2020,6675,  437.20 € ,  263.33 € ,"  2,918,310.00 € ","  1,757,727.75 € ",  173.87 € 
C1314,Europe,Greece,Sunflower,Online,Low,5/25/2021,131419074,7/3/2021,8679,  668.27 € ,  502.54 € ,"  5,799,915.33 € ","  4,361,544.66 € ",  165.73 € 
C3954,Europe,Finland,Came,Online,Critical,1/7/2022,395414102,2/4/2022,674,  47.45 € ,  31.79 € ,"  31,981.30 € ","  21,426.46 € ",  15.66 € 
C6031,Central America and Caribbean,Trinidad and Tobago,Oatmeal,Offline,Low,2/5/2020,603117930,3/12/2020,4853,  205.70 € ,  117.11 € ,"  998,262.10 € ","  568,334.83 € ",  88.59 € 
C5967,Asia,Vietnam,Orange,Online,Low,12/27/2021,596766889,1/11/2022,5439,  9.33 € ,  6.92 € ,"  50,745.87 € ","  37,637.88 € ",  2.41 € 
C2889,Asia,Indonesia,Lemon,Offline,Medium,8/6/2021,288909804,8/10/2021,3686,  81.73 € ,  56.67 € ,"  301,256.78 € ","  208,885.62 € ",  25.06 € 
C1124,Europe,Norway,Oatmeal,Online,Medium,10/16/2021,112408006,10/23/2021,2882,  205.70 € ,  117.11 € ,"  592,827.40 € ","  337,511.02 € ",  88.59 € 
C5704,Africa,Zimbabwe,Lemon,Offline,Critical,7/27/2021,570435321,8/11/2021,3343,  81.73 € ,  56.67 € ,"  273,223.39 € ","  189,447.81 € ",  25.06 € 
C8864,Africa,Namibia,Soy,Online,Critical,4/28/2020,886478078,5/29/2020,7418,  255.28 € ,  159.42 € ,"  1,893,667.04 € ","  1,182,577.56 € ",  95.86 € 
C3543,Australia and Oceania,Tonga,Oatmeal,Online,High,2/17/2022,354335105,4/7/2022,4487,  205.70 € ,  117.11 € ,"  922,975.90 € ","  525,472.57 € ",  88.59 € 
C5881,Asia,Malaysia,Meat,Online,Critical,1/18/2020,588117730,2/11/2020,5960,  421.89 € ,  364.69 € ,"  2,514,464.40 € ","  2,173,552.40 € ",  57.20 € 
C5722,Africa,Egypt,Came,Online,Critical,5/21/2020,572249782,5/21/2020,282,  47.45 € ,  31.79 € ,"  13,380.90 € ","  8,964.78 € ",  15.66 € 
C7114,Africa,Saudi Arabia,Sunflower,Offline,Low,4/16/2021,711467587,5/23/2021,7924,  668.27 € ,  502.54 € ,"  5,295,371.48 € ","  3,982,126.96 € ",  165.73 € 
C5808,Central America and Caribbean,Panama,Fish,Online,Critical,9/26/2022,580819976,10/24/2022,6393,  651.21 € ,  524.96 € ,"  4,163,185.53 € ","  3,356,069.28 € ",  126.25 € 
C2756,Central America and Caribbean,Haiti,Fish,Online,Medium,3/27/2022,275668275,4/30/2022,5223,  651.21 € ,  524.96 € ,"  3,401,269.83 € ","  2,741,866.08 € ",  126.25 € 
C8616,Africa,Mauritania,Oatmeal,Offline,High,12/30/2021,861686313,12/30/2021,983,  205.70 € ,  117.11 € ,"  202,203.10 € ","  115,119.13 € ",  88.59 € 
C3248,Africa,The Gambia,Meat,Offline,Critical,10/8/2021,324860417,11/18/2021,2271,  421.89 € ,  364.69 € ,"  958,112.19 € ","  828,210.99 € ",  57.20 € 
C3214,Europe,Ireland,Flour,Offline,Critical,4/12/2020,321489417,4/13/2020,4718,  152.58 € ,  97.44 € ,"  719,872.44 € ","  459,721.92 € ",  55.14 € 
C3281,Europe,San Marino,Corn,Online,Low,5/14/2022,328184640,6/29/2022,5983,  437.20 € ,  263.33 € ,"  2,615,767.60 € ","  1,575,503.39 € ",  173.87 € 
C7918,Africa,United Arab Emirates,Fish,Offline,Low,5/30/2020,791869914,6/22/2020,760,  651.21 € ,  524.96 € ,"  494,919.60 € ","  398,969.60 € ",  126.25 € 
C8797,Africa,Mauritania,Lemon,Online,Medium,6/28/2021,879781568,8/17/2021,5771,  81.73 € ,  56.67 € ,"  471,663.83 € ","  327,042.57 € ",  25.06 € 
C7294,Central America and Caribbean,Nicaragua,Meat,Offline,Critical,3/19/2020,729468429,4/13/2020,4773,  421.89 € ,  364.69 € ,"  2,013,680.97 € ","  1,740,665.37 € ",  57.20 € 
C9987,Asia,Malaysia,Sorghum,Offline,High,3/5/2020,998791825,3/21/2020,3551,  109.28 € ,  35.84 € ,"  388,053.28 € ","  127,267.84 € ",  73.44 € 
C6159,Africa,Zambia,Corn,Online,High,1/30/2021,615925586,2/25/2021,4923,  437.20 € ,  263.33 € ,"  2,152,335.60 € ","  1,296,373.59 € ",  173.87 € 
C8293,Africa,Malawi,Orange,Online,Low,3/7/2020,829356038,3/29/2020,3737,  9.33 € ,  6.92 € ,"  34,866.21 € ","  25,860.04 € ",  2.41 € 
C2578,Africa,Lesotho,Lemon,Offline,High,4/9/2022,257882010,4/17/2022,1872,  81.73 € ,  56.67 € ,"  152,998.56 € ","  106,086.24 € ",  25.06 € 
C7406,Africa,Malawi,Meat,Offline,Low,2/11/2021,740614831,2/15/2021,3241,  421.89 € ,  364.69 € ,"  1,367,345.49 € ","  1,181,960.29 € ",  57.20 € 
C5869,Africa,Iraq,Meat,Offline,Critical,11/19/2020,586978328,12/6/2020,8786,  421.89 € ,  364.69 € ,"  3,706,725.54 € ","  3,204,166.34 € ",  57.20 € 
C4267,Asia,Turkmenistan,Sunflower,Offline,Medium,6/9/2020,426708829,6/25/2020,1480,  668.27 € ,  502.54 € ,"  989,039.60 € ","  743,759.20 € ",  165.73 € 
C9598,Africa,United Arab Emirates,Fish,Offline,Low,6/19/2020,959855163,6/28/2020,1328,  651.21 € ,  524.96 € ,"  864,806.88 € ","  697,146.88 € ",  126.25 € 
C7067,Asia,Maldives,Sunflower,Online,High,1/20/2022,706778657,2/7/2022,366,  668.27 € ,  502.54 € ,"  244,586.82 € ","  183,929.64 € ",  165.73 € 
C9581,Europe,Romania,Sunflower,Online,Critical,5/29/2022,958153140,6/1/2022,7661,  668.27 € ,  502.54 € ,"  5,119,616.47 € ","  3,849,958.94 € ",  165.73 € 
C8249,Africa,Lebanon,Corn,Offline,Critical,12/28/2021,824964940,2/5/2022,4313,  437.20 € ,  263.33 € ,"  1,885,643.60 € ","  1,135,742.29 € ",  173.87 € 
C3885,Europe,Portugal,Corn,Online,High,3/30/2020,388512885,5/3/2020,8451,  437.20 € ,  263.33 € ,"  3,694,777.20 € ","  2,225,401.83 € ",  173.87 € 
C2504,Europe,Bosnia and Herzegovina,Fish,Offline,Critical,9/22/2022,250408303,10/7/2022,236,  651.21 € ,  524.96 € ,"  153,685.56 € ","  123,890.56 € ",  126.25 € 
C1825,Africa,Iraq,Flour,Offline,Critical,7/10/2022,182575023,8/24/2022,6861,  152.58 € ,  97.44 € ,"  1,046,851.38 € ","  668,535.84 € ",  55.14 € 
C4772,Europe,Moldova ,Sorghum,Offline,Critical,9/18/2021,477249372,11/6/2021,7549,  109.28 € ,  35.84 € ,"  824,954.72 € ","  270,556.16 € ",  73.44 € 
C5969,Africa,Liberia,Oatmeal,Offline,High,5/6/2021,596980178,6/17/2021,8556,  205.70 € ,  117.11 € ,"  1,759,969.20 € ","  1,001,993.16 € ",  88.59 € 
C5246,Africa,Sudan,Soy,Online,Low,1/1/2020,524628770,1/3/2020,8166,  255.28 € ,  159.42 € ,"  2,084,616.48 € ","  1,301,823.72 € ",  95.86 € 
C3133,Africa,Democratic Republic of the Congo,Corn,Online,Medium,12/18/2020,313368976,2/2/2021,1698,  437.20 € ,  263.33 € ,"  742,365.60 € ","  447,134.34 € ",  173.87 € 
C5366,Africa,Morocco,Flour,Offline,Medium,3/13/2022,536687123,3/15/2022,6501,  152.58 € ,  97.44 € ,"  991,922.58 € ","  633,457.44 € ",  55.14 € 
C9383,Central America and Caribbean,Saint Vincent and the Grenadines,Orange,Online,Medium,8/20/2020,938382041,9/29/2020,6954,  9.33 € ,  6.92 € ,"  64,880.82 € ","  48,121.68 € ",  2.41 € 
C8825,Africa,Pakistan,Sunflower,Offline,Low,3/12/2022,882565057,4/19/2022,9468,  668.27 € ,  502.54 € ,"  6,327,180.36 € ","  4,758,048.72 € ",  165.73 € 
C7036,Europe,Sweden,Oatmeal,Online,High,4/27/2020,703659999,5/14/2020,7485,  205.70 € ,  117.11 € ,"  1,539,664.50 € ","  876,568.35 € ",  88.59 € 
C3564,Australia and Oceania,Palau,Lemon,Online,Critical,4/24/2020,356403195,5/3/2020,6480,  81.73 € ,  56.67 € ,"  529,610.40 € ","  367,221.60 € ",  25.06 € 
C7658,Europe,Poland,Oatmeal,Offline,Critical,9/15/2020,765843474,10/21/2020,8958,  205.70 € ,  117.11 € ,"  1,842,660.60 € ","  1,049,071.38 € ",  88.59 € 
C6773,Africa,Equatorial Guinea,Meat,Online,Critical,6/15/2020,677342164,7/15/2020,9453,  421.89 € ,  364.69 € ,"  3,988,126.17 € ","  3,447,414.57 € ",  57.20 € 
C7065,Australia and Oceania,Kiribati,Sunflower,Offline,Medium,4/30/2020,706573092,5/15/2020,9535,  668.27 € ,  502.54 € ,"  6,371,954.45 € ","  4,791,718.90 € ",  165.73 € 
C1895,Asia,Myanmar,Oatmeal,Offline,Critical,7/6/2021,189522588,8/1/2021,2800,  205.70 € ,  117.11 € ,"  575,960.00 € ","  327,908.00 € ",  88.59 € 
C3324,Central America and Caribbean,Haiti,Sunflower,Online,Critical,4/18/2021,332489478,5/26/2021,9880,  668.27 € ,  502.54 € ,"  6,602,507.60 € ","  4,965,095.20 € ",  165.73 € 
C1620,Africa,Mauritius ,Flour,Online,Medium,3/26/2020,162085092,5/2/2020,3435,  152.58 € ,  97.44 € ,"  524,112.30 € ","  334,706.40 € ",  55.14 € 
C5752,Europe,Luxembourg,Oatmeal,Online,Critical,9/18/2020,575233256,11/5/2020,3158,  205.70 € ,  117.11 € ,"  649,600.60 € ","  369,833.38 € ",  88.59 € 
C2891,Australia and Oceania,Tonga,Sorghum,Offline,Low,8/31/2022,289170300,9/11/2022,773,  109.28 € ,  35.84 € ,"  84,473.44 € ","  27,704.32 € ",  73.44 € 
C7914,Europe,Ukraine,Rice,Offline,High,2/16/2022,791445052,2/19/2022,5033,  154.06 € ,  90.93 € ,"  775,383.98 € ","  457,650.69 € ",  63.13 € 
C4899,Africa,Sudan,Flour,Online,High,4/7/2021,489918839,4/21/2021,6727,  152.58 € ,  97.44 € ,"  1,026,405.66 € ","  655,478.88 € ",  55.14 € 
C5627,Europe,France,Sunflower,Online,Low,3/19/2021,562765491,4/11/2021,3669,  668.27 € ,  502.54 € ,"  2,451,882.63 € ","  1,843,819.26 € ",  165.73 € 
C9084,Asia,Laos,Sorghum,Offline,Medium,8/25/2020,908471333,9/16/2020,5711,  109.28 € ,  35.84 € ,"  624,098.08 € ","  204,682.24 € ",  73.44 € 
C5958,Central America and Caribbean,Dominica,Corn,Online,Critical,1/31/2020,595835196,3/12/2020,9730,  437.20 € ,  263.33 € ,"  4,253,956.00 € ","  2,562,200.90 € ",  173.87 € 
C1139,Europe,Estonia,Flour,Offline,High,6/3/2020,113968408,6/26/2020,4639,  152.58 € ,  97.44 € ,"  707,818.62 € ","  452,024.16 € ",  55.14 € 
C9222,Africa,Afghanistan,Lemon,Offline,Critical,7/23/2021,922294795,9/11/2021,6380,  81.73 € ,  56.67 € ,"  521,437.40 € ","  361,554.60 € ",  25.06 € 
C5005,Africa,Eritrea,Orange,Online,Critical,11/29/2020,500550687,12/16/2020,2926,  9.33 € ,  6.92 € ,"  27,299.58 € ","  20,247.92 € ",  2.41 € 
C8987,Africa,Oman,Meat,Online,High,8/8/2020,898784911,8/15/2020,9283,  421.89 € ,  364.69 € ,"  3,916,404.87 € ","  3,385,417.27 € ",  57.20 € 
C1873,Central America and Caribbean,Cuba,Flour,Offline,Medium,4/18/2020,187358796,5/6/2020,2486,  152.58 € ,  97.44 € ,"  379,313.88 € ","  242,235.84 € ",  55.14 € 
C1069,Africa,Oman,Oatmeal,Offline,Critical,6/23/2021,106946170,7/27/2021,6603,  205.70 € ,  117.11 € ,"  1,358,237.10 € ","  773,277.33 € ",  88.59 € 
C2185,Europe,Luxembourg,Fish,Offline,High,4/29/2020,218533360,5/2/2020,7733,  651.21 € ,  524.96 € ,"  5,035,806.93 € ","  4,059,515.68 € ",  126.25 € 
C1534,Africa,Namibia,Fish,Offline,Low,7/27/2020,153419196,8/7/2020,9004,  651.21 € ,  524.96 € ,"  5,863,494.84 € ","  4,726,739.84 € ",  126.25 € 
C9632,Asia,India,Orange,Online,High,8/12/2020,963215005,8/21/2020,5580,  9.33 € ,  6.92 € ,"  52,061.40 € ","  38,613.60 € ",  2.41 € 
C1698,Australia and Oceania,Palau,Rice,Offline,High,9/14/2020,169844615,10/19/2020,9651,  154.06 € ,  90.93 € ,"  1,486,833.06 € ","  877,565.43 € ",  63.13 € 
C3155,Europe,Serbia,Lemon,Online,High,6/26/2021,315544354,8/4/2021,5441,  81.73 € ,  56.67 € ,"  444,692.93 € ","  308,341.47 € ",  25.06 € 
C4128,Africa,Mauritania,Rice,Offline,Critical,7/26/2022,412863051,8/5/2022,4206,  154.06 € ,  90.93 € ,"  647,976.36 € ","  382,451.58 € ",  63.13 € 
C8946,Asia,Maldives,Orange,Offline,High,2/10/2021,894662034,2/13/2021,9232,  9.33 € ,  6.92 € ,"  86,134.56 € ","  63,885.44 € ",  2.41 € 
C4641,Africa,Liberia,Lemon,Offline,Critical,10/31/2021,464115130,11/9/2021,836,  81.73 € ,  56.67 € ,"  68,326.28 € ","  47,376.12 € ",  25.06 € 
C1447,Europe,Greece,Came,Online,Medium,4/4/2021,144708669,5/5/2021,1366,  47.45 € ,  31.79 € ,"  64,816.70 € ","  43,425.14 € ",  15.66 € 
C1302,Central America and Caribbean,Dominica,Orange,Offline,Low,8/11/2020,130241477,8/23/2020,202,  9.33 € ,  6.92 € ,"  1,884.66 € ","  1,397.84 € ",  2.41 € 
C2348,Asia,Vietnam,Oatmeal,Offline,Critical,7/10/2021,234824883,7/19/2021,8756,  205.70 € ,  117.11 € ,"  1,801,109.20 € ","  1,025,415.16 € ",  88.59 € 
C3428,Asia,Sri Lanka,Oatmeal,Offline,High,9/24/2021,342882716,10/9/2021,5470,  205.70 € ,  117.11 € ,"  1,125,179.00 € ","  640,591.70 € ",  88.59 € 
C8591,Europe,Portugal,Sunflower,Offline,Medium,3/28/2022,859151303,5/6/2022,818,  668.27 € ,  502.54 € ,"  546,644.86 € ","  411,077.72 € ",  165.73 € 
C4586,North America,United States of America,Meat,Offline,Critical,2/26/2020,458679473,3/22/2020,2304,  421.89 € ,  364.69 € ,"  972,034.56 € ","  840,245.76 € ",  57.20 € 
C1368,Central America and Caribbean,Jamaica,Flour,Online,Critical,7/30/2021,136828553,9/2/2021,9464,  152.58 € ,  97.44 € ,"  1,444,017.12 € ","  922,172.16 € ",  55.14 € 
C9592,Europe,Cyprus,Soy,Online,High,2/19/2020,959272372,3/1/2020,8867,  255.28 € ,  159.42 € ,"  2,263,567.76 € ","  1,413,577.14 € ",  95.86 € 
C9119,Africa,Iran,Oatmeal,Offline,Medium,4/18/2021,911997258,5/7/2021,9110,  205.70 € ,  117.11 € ,"  1,873,927.00 € ","  1,066,872.10 € ",  88.59 € 
C7513,Asia,Sri Lanka,Rice,Offline,Critical,12/4/2020,751302039,12/10/2020,5824,  154.06 € ,  90.93 € ,"  897,245.44 € ","  529,576.32 € ",  63.13 € 
C8537,Australia and Oceania,East Timor,Flour,Online,Medium,1/2/2021,853798043,2/5/2021,6669,  152.58 € ,  97.44 € ,"  1,017,556.02 € ","  649,827.36 € ",  55.14 € 
C7664,Africa,Niger,Meat,Online,Critical,6/29/2022,766409099,7/3/2022,6338,  421.89 € ,  364.69 € ,"  2,673,938.82 € ","  2,311,405.22 € ",  57.20 € 
C5563,Australia and Oceania,Australia,Orange,Online,Medium,1/10/2021,556371533,2/9/2021,1555,  9.33 € ,  6.92 € ,"  14,508.15 € ","  10,760.60 € ",  2.41 € 
C3612,Africa,Botswana,Soy,Online,Medium,8/29/2022,361234176,9/11/2022,6075,  255.28 € ,  159.42 € ,"  1,550,826.00 € ","  968,476.50 € ",  95.86 € 
C8388,Europe,Portugal,Orange,Online,Medium,5/27/2022,838858354,6/16/2022,5683,  9.33 € ,  6.92 € ,"  53,022.39 € ","  39,326.36 € ",  2.41 € 
C9174,Asia,South Korea,Came,Offline,High,10/26/2022,917417895,10/28/2022,3197,  47.45 € ,  31.79 € ,"  151,697.65 € ","  101,632.63 € ",  15.66 € 
C9453,Asia,Philippines,Meat,Offline,Medium,2/28/2021,945399129,3/29/2021,3466,  421.89 € ,  364.69 € ,"  1,462,270.74 € ","  1,264,015.54 € ",  57.20 € 
C4416,Central America and Caribbean,Saint Vincent and the Grenadines,Meat,Offline,Low,3/23/2022,441600883,3/27/2022,8369,  421.89 € ,  364.69 € ,"  3,530,797.41 € ","  3,052,090.61 € ",  57.20 € 
C3451,Central America and Caribbean,Panama,Rice,Online,Critical,8/20/2022,345134484,10/7/2022,1818,  154.06 € ,  90.93 € ,"  280,081.08 € ","  165,310.74 € ",  63.13 € 
C7654,Europe,Italy,Meat,Offline,Critical,11/4/2020,765423762,11/18/2020,4756,  421.89 € ,  364.69 € ,"  2,006,508.84 € ","  1,734,465.64 € ",  57.20 € 
C5322,Asia,Tajikistan,Soy,Offline,Medium,6/6/2021,532205045,7/1/2021,154,  255.28 € ,  159.42 € ,"  39,313.12 € ","  24,550.68 € ",  95.86 € 
C3455,Europe,Montenegro,Rice,Online,Medium,3/21/2022,345527160,4/28/2022,8020,  154.06 € ,  90.93 € ,"  1,235,561.20 € ","  729,258.60 € ",  63.13 € 
C5257,Africa,Sao Tome and Principe,Rice,Online,Critical,6/10/2021,525751435,7/5/2021,388,  154.06 € ,  90.93 € ,"  59,775.28 € ","  35,280.84 € ",  63.13 € 
C5635,Africa,Somalia,Rice,Online,Low,1/8/2022,563551700,2/24/2022,6326,  154.06 € ,  90.93 € ,"  974,583.56 € ","  575,223.18 € ",  63.13 € 
C4699,Europe,Italy,Soy,Offline,Low,7/25/2021,469914281,8/18/2021,6933,  255.28 € ,  159.42 € ,"  1,769,856.24 € ","  1,105,258.86 € ",  95.86 € 
C3261,Europe,Poland,Meat,Online,High,5/14/2022,326138007,6/4/2022,339,  421.89 € ,  364.69 € ,"  143,020.71 € ","  123,629.91 € ",  57.20 € 
C7338,Europe,Ukraine,Fish,Offline,Critical,5/29/2021,733834207,6/9/2021,6704,  651.21 € ,  524.96 € ,"  4,365,711.84 € ","  3,519,331.84 € ",  126.25 € 
C5649,Asia,Cambodia,Sunflower,Online,Critical,5/12/2020,564926707,5/19/2020,3221,  668.27 € ,  502.54 € ,"  2,152,497.67 € ","  1,618,681.34 € ",  165.73 € 
C1116,Europe,Bosnia and Herzegovina,Sorghum,Offline,Critical,4/19/2021,111651837,5/25/2021,9115,  109.28 € ,  35.84 € ,"  996,087.20 € ","  326,681.60 € ",  73.44 € 
C6365,Asia,Philippines,Rice,Online,Medium,5/28/2022,636558425,6/8/2022,639,  154.06 € ,  90.93 € ,"  98,444.34 € ","  58,104.27 € ",  63.13 € 
C3225,Asia,Japan,Flour,Offline,High,4/9/2022,322507798,4/21/2022,6079,  152.58 € ,  97.44 € ,"  927,533.82 € ","  592,337.76 € ",  55.14 € 
C1226,Asia,Turkmenistan,Sorghum,Offline,High,4/25/2021,122673785,4/29/2021,754,  109.28 € ,  35.84 € ,"  82,397.12 € ","  27,023.36 € ",  73.44 € 
C6105,Europe,Andorra,Rice,Offline,Medium,5/12/2020,610542714,5/29/2020,2012,  154.06 € ,  90.93 € ,"  309,968.72 € ","  182,951.16 € ",  63.13 € 
C6299,Africa,Kenya,Soy,Online,Low,1/23/2022,629913413,2/9/2022,4232,  255.28 € ,  159.42 € ,"  1,080,344.96 € ","  674,665.44 € ",  95.86 € 
C4448,Africa,Mozambique,Sorghum,Online,High,11/24/2020,444897210,1/1/2021,3826,  109.28 € ,  35.84 € ,"  418,105.28 € ","  137,123.84 € ",  73.44 € 
C3899,Australia and Oceania,Solomon Islands,Flour,Offline,High,10/3/2021,389917933,11/18/2021,4236,  152.58 € ,  97.44 € ,"  646,328.88 € ","  412,755.84 € ",  55.14 € 
C4197,Africa,Democratic Republic of the Congo,Corn,Online,High,5/7/2021,419711911,6/1/2021,936,  437.20 € ,  263.33 € ,"  409,219.20 € ","  246,476.88 € ",  173.87 € 
C5593,Africa,Uganda,Sorghum,Offline,Low,1/27/2021,559327971,3/15/2021,6431,  109.28 € ,  35.84 € ,"  702,779.68 € ","  230,487.04 € ",  73.44 € 
C4541,Europe,Albania,Fish,Online,High,9/29/2022,454127442,11/12/2022,5257,  651.21 € ,  524.96 € ,"  3,423,410.97 € ","  2,759,714.72 € ",  126.25 € 
C7197,Australia and Oceania,Samoa ,Oatmeal,Online,Critical,6/1/2021,719784152,7/11/2021,8981,  205.70 € ,  117.11 € ,"  1,847,391.70 € ","  1,051,764.91 € ",  88.59 € 
C6922,Asia,Indonesia,Rice,Online,High,2/16/2021,692284429,3/7/2021,1201,  154.06 € ,  90.93 € ,"  185,026.06 € ","  109,206.93 € ",  63.13 € 
C6779,Africa,South Africa,Flour,Offline,Low,1/12/2022,677927100,1/18/2022,2549,  152.58 € ,  97.44 € ,"  388,926.42 € ","  248,374.56 € ",  55.14 € 
C6033,Africa,Malawi,Oatmeal,Online,Low,10/27/2021,603323495,12/6/2021,5684,  205.70 € ,  117.11 € ,"  1,169,198.80 € ","  665,653.24 € ",  88.59 € 
C4653,Europe,United Kingdom,Sorghum,Online,Low,1/11/2020,465397441,2/23/2020,300,  109.28 € ,  35.84 € ,"  32,784.00 € ","  10,752.00 € ",  73.44 € 
C7813,Central America and Caribbean,Jamaica,Soy,Online,High,4/17/2022,781385266,4/22/2022,8119,  255.28 € ,  159.42 € ,"  2,072,618.32 € ","  1,294,330.98 € ",  95.86 € 
C3388,Asia,Nepal,Fish,Offline,Medium,10/21/2021,338835799,10/26/2021,7898,  651.21 € ,  524.96 € ,"  5,143,256.58 € ","  4,146,134.08 € ",  126.25 € 
C2456,Africa,Mali,Soy,Online,Critical,9/20/2020,245610368,10/22/2020,421,  255.28 € ,  159.42 € ,"  107,472.88 € ","  67,115.82 € ",  95.86 € 
C7798,Asia,China,Soy,Online,High,3/7/2020,779882800,3/21/2020,3506,  255.28 € ,  159.42 € ,"  895,011.68 € ","  558,926.52 € ",  95.86 € 
C9401,Africa,Togo,Lemon,Online,Low,9/19/2021,940139424,11/2/2021,7002,  81.73 € ,  56.67 € ,"  572,273.46 € ","  396,803.34 € ",  25.06 € 
C6951,Australia and Oceania,Solomon Islands,Sunflower,Offline,High,2/16/2020,695179069,2/16/2020,7790,  668.27 € ,  502.54 € ,"  5,205,823.30 € ","  3,914,786.60 € ",  165.73 € 
C5341,Africa,Central African Republic,Orange,Offline,Critical,1/12/2022,534113061,2/10/2022,4779,  9.33 € ,  6.92 € ,"  44,588.07 € ","  33,070.68 € ",  2.41 € 
C1163,Africa,Swaziland,Corn,Online,Low,8/10/2021,116365230,8/20/2021,3912,  437.20 € ,  263.33 € ,"  1,710,326.40 € ","  1,030,146.96 € ",  173.87 € 
C5216,Africa,United Arab Emirates,Oatmeal,Online,Medium,12/28/2021,521671903,2/6/2022,3164,  205.70 € ,  117.11 € ,"  650,834.80 € ","  370,536.04 € ",  88.59 € 
C2000,Australia and Oceania,Fiji,Came,Offline,Low,6/12/2022,200081908,6/12/2022,7538,  47.45 € ,  31.79 € ,"  357,678.10 € ","  239,633.02 € ",  15.66 € 
C8219,Africa,Swaziland,Corn,Offline,Critical,8/19/2022,821956574,9/27/2022,4071,  437.20 € ,  263.33 € ,"  1,779,841.20 € ","  1,072,016.43 € ",  173.87 € 
C5279,Europe,Vatican City,Rice,Offline,High,3/7/2021,527969729,4/17/2021,6830,  154.06 € ,  90.93 € ,"  1,052,229.80 € ","  621,051.90 € ",  63.13 € 
C6791,Asia,Thailand,Came,Online,Low,11/5/2022,679107701,11/7/2022,1915,  47.45 € ,  31.79 € ,"  90,866.75 € ","  60,877.85 € ",  15.66 € 
C9066,Europe,Georgia,Rice,Online,High,10/12/2022,906669318,10/24/2022,2454,  154.06 € ,  90.93 € ,"  378,063.24 € ","  223,142.22 € ",  63.13 € 
C4622,Africa,Guinea-Bissau,Flour,Online,Low,3/31/2022,462265908,4/19/2022,3610,  152.58 € ,  97.44 € ,"  550,813.80 € ","  351,758.40 € ",  55.14 € 
C4678,Europe,Estonia,Flour,Online,Low,6/28/2021,467821300,7/9/2021,7573,  152.58 € ,  97.44 € ,"  1,155,488.34 € ","  737,913.12 € ",  55.14 € 
C7655,Africa,Swaziland,Corn,Offline,High,2/26/2021,765571820,4/7/2021,8569,  437.20 € ,  263.33 € ,"  3,746,366.80 € ","  2,256,474.77 € ",  173.87 € 
C3680,Central America and Caribbean,Trinidad and Tobago,Corn,Online,Critical,11/9/2020,368066298,12/24/2020,7852,  437.20 € ,  263.33 € ,"  3,432,894.40 € ","  2,067,667.16 € ",  173.87 € 
C6081,Africa,Ghana,Sunflower,Online,Medium,8/12/2020,608166062,9/9/2020,8707,  668.27 € ,  502.54 € ,"  5,818,626.89 € ","  4,375,615.78 € ",  165.73 € 
C1890,Africa,Djibouti,Sorghum,Online,High,4/10/2022,189044940,5/12/2022,1454,  109.28 € ,  35.84 € ,"  158,893.12 € ","  52,111.36 € ",  73.44 € 
C1341,Australia and Oceania,New Zealand,Oatmeal,Offline,Critical,5/15/2022,134189260,5/24/2022,8439,  205.70 € ,  117.11 € ,"  1,735,902.30 € ","  988,291.29 € ",  88.59 € 
C6373,Africa,Syria,Lemon,Offline,Low,2/17/2022,637397849,2/21/2022,9043,  81.73 € ,  56.67 € ,"  739,084.39 € ","  512,466.81 € ",  25.06 € 
C6127,Europe,Albania,Sorghum,Online,High,4/26/2020,612782037,5/19/2020,4677,  109.28 € ,  35.84 € ,"  511,102.56 € ","  167,623.68 € ",  73.44 € 
C8447,Asia,Taiwan,Fish,Offline,Critical,5/24/2020,844765651,6/1/2020,3783,  651.21 € ,  524.96 € ,"  2,463,527.43 € ","  1,985,923.68 € ",  126.25 € 
C8380,Africa,Ethiopia,Came,Offline,Medium,7/2/2020,838085019,7/21/2020,6836,  47.45 € ,  31.79 € ,"  324,368.20 € ","  217,316.44 € ",  15.66 € 
C1677,Europe,United Kingdom,Flour,Offline,Medium,8/11/2020,167788970,8/11/2020,1340,  152.58 € ,  97.44 € ,"  204,457.20 € ","  130,569.60 € ",  55.14 € 
C7292,Africa,Cape Verde,Fish,Offline,Low,2/5/2021,729238831,2/16/2021,6830,  651.21 € ,  524.96 € ,"  4,447,764.30 € ","  3,585,476.80 € ",  126.25 € 
C8881,Africa,Tanzania,Soy,Online,Medium,4/24/2021,888108432,6/13/2021,9876,  255.28 € ,  159.42 € ,"  2,521,145.28 € ","  1,574,431.92 € ",  95.86 € 
C4303,Central America and Caribbean,Trinidad and Tobago,Flour,Online,High,1/1/2021,430384099,1/27/2021,9074,  152.58 € ,  97.44 € ,"  1,384,510.92 € ","  884,170.56 € ",  55.14 € 
C1123,Africa,Togo,Oatmeal,Offline,High,10/1/2021,112364661,11/9/2021,55,  205.70 € ,  117.11 € ,"  11,313.50 € ","  6,441.05 € ",  88.59 € 
C3106,Europe,Montenegro,Sunflower,Online,High,9/7/2022,310661447,9/8/2022,480,  668.27 € ,  502.54 € ,"  320,769.60 € ","  241,219.20 € ",  165.73 € 
C5721,Europe,Russia,Sorghum,Offline,Medium,11/23/2021,572198283,12/6/2021,5042,  109.28 € ,  35.84 € ,"  550,989.76 € ","  180,705.28 € ",  73.44 € 
C9642,Asia,Nepal,Oatmeal,Offline,Medium,9/29/2020,964211499,11/7/2020,464,  205.70 € ,  117.11 € ,"  95,444.80 € ","  54,339.04 € ",  88.59 € 
C7242,Africa,Kenya,Sunflower,Online,High,6/4/2022,724249923,7/3/2022,501,  668.27 € ,  502.54 € ,"  334,803.27 € ","  251,772.54 € ",  165.73 € 
C5101,Africa,Zimbabwe,Soy,Online,Critical,12/11/2021,510174882,12/12/2021,940,  255.28 € ,  159.42 € ,"  239,963.20 € ","  149,854.80 € ",  95.86 € 
C1501,Africa,Turkey,Came,Offline,High,11/15/2021,150160205,11/22/2021,4596,  47.45 € ,  31.79 € ,"  218,080.20 € ","  146,106.84 € ",  15.66 € 
C8926,Europe,Portugal,Came,Online,Medium,4/27/2022,892692220,5/11/2022,6320,  47.45 € ,  31.79 € ,"  299,884.00 € ","  200,912.80 € ",  15.66 € 
C4565,Central America and Caribbean,Costa Rica,Sunflower,Online,Medium,5/11/2022,456569755,6/9/2022,7991,  668.27 € ,  502.54 € ,"  5,340,145.57 € ","  4,015,797.14 € ",  165.73 € 
C6809,North America,Canada,Fish,Online,Medium,6/23/2021,680904138,7/11/2021,3520,  651.21 € ,  524.96 € ,"  2,292,259.20 € ","  1,847,859.20 € ",  126.25 € 
C7751,Central America and Caribbean,Trinidad and Tobago,Sunflower,Online,Medium,12/25/2020,775119197,2/2/2021,3850,  668.27 € ,  502.54 € ,"  2,572,839.50 € ","  1,934,779.00 € ",  165.73 € 
C4689,Africa,Iran,Meat,Online,Low,8/7/2022,468951261,8/19/2022,1954,  421.89 € ,  364.69 € ,"  824,373.06 € ","  712,604.26 € ",  57.20 € 
C4624,Africa,Burundi,Fish,Online,Low,4/16/2021,462449157,5/31/2021,7837,  651.21 € ,  524.96 € ,"  5,103,532.77 € ","  4,114,111.52 € ",  126.25 € 
C1759,Africa,Cameroon,Corn,Offline,High,1/3/2021,175974214,1/13/2021,3535,  437.20 € ,  263.33 € ,"  1,545,502.00 € ","  930,871.55 € ",  173.87 € 
C9002,Asia,Maldives,Corn,Offline,Low,10/24/2021,900200259,11/10/2021,8116,  437.20 € ,  263.33 € ,"  3,548,315.20 € ","  2,137,186.28 € ",  173.87 € 
C8461,Central America and Caribbean,Nicaragua,Oatmeal,Offline,Critical,4/25/2021,846113622,6/3/2021,2678,  205.70 € ,  117.11 € ,"  550,864.60 € ","  313,620.58 € ",  88.59 € 
C9950,Europe,Ukraine,Soy,Offline,High,10/22/2021,995013129,11/27/2021,5351,  255.28 € ,  159.42 € ,"  1,366,003.28 € ","  853,056.42 € ",  95.86 € 
C1485,Africa,Madagascar,Lemon,Online,Critical,4/9/2020,148510110,5/14/2020,6297,  81.73 € ,  56.67 € ,"  514,653.81 € ","  356,850.99 € ",  25.06 € 
C7785,Australia and Oceania,Australia,Sorghum,Online,Medium,3/27/2021,778528392,5/14/2021,2707,  109.28 € ,  35.84 € ,"  295,820.96 € ","  97,018.88 € ",  73.44 € 
C4773,Africa,Somalia,Came,Online,Medium,1/22/2021,477304303,1/23/2021,3805,  47.45 € ,  31.79 € ,"  180,547.25 € ","  120,960.95 € ",  15.66 € 
C5073,Europe,San Marino,Flour,Offline,High,10/13/2020,507386672,10/22/2020,5846,  152.58 € ,  97.44 € ,"  891,982.68 € ","  569,634.24 € ",  55.14 € 
C8516,Africa,Turkey,Flour,Offline,Critical,11/10/2021,851636826,11/10/2021,7117,  152.58 € ,  97.44 € ,"  1,085,911.86 € ","  693,480.48 € ",  55.14 € 
C6632,Central America and Caribbean,Grenada,Meat,Online,High,11/4/2021,663228595,12/15/2021,2934,  421.89 € ,  364.69 € ,"  1,237,825.26 € ","  1,070,000.46 € ",  57.20 € 
C5156,Europe,Lithuania,Oatmeal,Offline,Low,7/25/2021,515648305,8/3/2021,647,  205.70 € ,  117.11 € ,"  133,087.90 € ","  75,770.17 € ",  88.59 € 
C1526,Australia and Oceania,Papua New Guinea,Came,Online,High,10/23/2020,152694785,11/16/2020,4635,  47.45 € ,  31.79 € ,"  219,930.75 € ","  147,346.65 € ",  15.66 € 
C7384,Europe,Serbia,Oatmeal,Online,High,8/23/2022,738479363,9/7/2022,1309,  205.70 € ,  117.11 € ,"  269,261.30 € ","  153,296.99 € ",  88.59 € 
C8074,Europe,Ukraine,Flour,Offline,Medium,7/5/2020,807425868,7/7/2020,4112,  152.58 € ,  97.44 € ,"  627,408.96 € ","  400,673.28 € ",  55.14 € 
C3142,North America,Greenland,Came,Offline,Critical,7/24/2022,314270627,8/12/2022,8517,  47.45 € ,  31.79 € ,"  404,131.65 € ","  270,755.43 € ",  15.66 € 
C1840,Europe,Lithuania,Sunflower,Offline,Low,8/15/2021,184062469,9/20/2021,7030,  668.27 € ,  502.54 € ,"  4,697,938.10 € ","  3,532,856.20 € ",  165.73 € 
C9621,Africa,South Sudan,Lemon,Offline,Low,5/10/2022,962162721,6/15/2022,4185,  81.73 € ,  56.67 € ,"  342,040.05 € ","  237,163.95 € ",  25.06 € 
C5642,Asia,Maldives,Sorghum,Online,Critical,9/7/2022,564245212,10/19/2022,1552,  109.28 € ,  35.84 € ,"  169,602.56 € ","  55,623.68 € ",  73.44 € 
C1262,Asia,Kazakhstan,Sunflower,Offline,Medium,12/3/2020,126296269,1/12/2021,2728,  668.27 € ,  502.54 € ,"  1,823,040.56 € ","  1,370,929.12 € ",  165.73 € 
C8546,Africa,Kuwait,Corn,Online,Low,2/2/2020,854614722,2/5/2020,8343,  437.20 € ,  263.33 € ,"  3,647,559.60 € ","  2,196,962.19 € ",  173.87 € 
C8758,Africa,Rwanda,Lemon,Offline,High,9/23/2020,875811898,10/13/2020,1058,  81.73 € ,  56.67 € ,"  86,470.34 € ","  59,956.86 € ",  25.06 € 
C1868,Africa,Cameroon,Lemon,Offline,Critical,5/18/2022,186811625,6/3/2022,566,  81.73 € ,  56.67 € ,"  46,259.18 € ","  32,075.22 € ",  25.06 € 
C2048,Europe,Czech Republic,Meat,Offline,Critical,2/6/2022,204850232,3/6/2022,8591,  421.89 € ,  364.69 € ,"  3,624,456.99 € ","  3,133,051.79 € ",  57.20 € 
C6174,Africa,Equatorial Guinea,Sunflower,Offline,Critical,8/28/2021,617476546,10/3/2021,3887,  668.27 € ,  502.54 € ,"  2,597,565.49 € ","  1,953,372.98 € ",  165.73 € 
C7325,Africa,Liberia,Orange,Online,Critical,5/9/2020,732551896,6/5/2020,7240,  9.33 € ,  6.92 € ,"  67,549.20 € ","  50,100.80 € ",  2.41 € 
C8282,Africa,The Gambia,Lemon,Online,High,3/8/2022,828250110,4/10/2022,6468,  81.73 € ,  56.67 € ,"  528,629.64 € ","  366,541.56 € ",  25.06 € 
C8030,Africa,Liberia,Lemon,Online,Medium,2/8/2020,803057515,3/22/2020,1419,  81.73 € ,  56.67 € ,"  115,974.87 € ","  80,414.73 € ",  25.06 € 
C6257,Europe,Monaco,Fish,Offline,Medium,5/7/2020,625772941,6/15/2020,8974,  651.21 € ,  524.96 € ,"  5,843,958.54 € ","  4,710,991.04 € ",  126.25 € 
C7855,Asia,Thailand,Flour,Offline,High,12/17/2020,785507714,12/31/2020,8043,  152.58 € ,  97.44 € ,"  1,227,200.94 € ","  783,709.92 € ",  55.14 € 
C9416,Africa,Cape Verde,Came,Offline,Critical,11/1/2021,941685664,12/21/2021,4569,  47.45 € ,  31.79 € ,"  216,799.05 € ","  145,248.51 € ",  15.66 € 
C3740,Africa,Rwanda,Orange,Offline,Medium,5/22/2020,374043118,7/2/2020,6526,  9.33 € ,  6.92 € ,"  60,887.58 € ","  45,159.92 € ",  2.41 € 
C2326,Africa,Chad,Lemon,Offline,Medium,8/10/2021,232628905,9/1/2021,8917,  81.73 € ,  56.67 € ,"  728,786.41 € ","  505,326.39 € ",  25.06 € 
C3878,Africa,Turkey,Lemon,Online,Low,4/15/2022,387804353,5/23/2022,8781,  81.73 € ,  56.67 € ,"  717,671.13 € ","  497,619.27 € ",  25.06 € 
C7802,Africa,Tanzania,Sorghum,Online,Critical,1/23/2021,780243289,2/17/2021,183,  109.28 € ,  35.84 € ,"  19,998.24 € ","  6,558.72 € ",  73.44 € 
C9709,Africa,Togo,Lemon,Online,Medium,9/8/2022,970932042,10/9/2022,9222,  81.73 € ,  56.67 € ,"  753,714.06 € ","  522,610.74 € ",  25.06 € 
C5911,Australia and Oceania,Marshall Islands,Meat,Offline,High,4/23/2022,591169440,6/4/2022,9029,  421.89 € ,  364.69 € ,"  3,809,244.81 € ","  3,292,786.01 € ",  57.20 € 
C6925,Central America and Caribbean,Cuba,Sunflower,Online,Low,3/14/2021,692566812,3/21/2021,4765,  668.27 € ,  502.54 € ,"  3,184,306.55 € ","  2,394,603.10 € ",  165.73 € 
C5970,Africa,Guinea-Bissau,Fish,Online,Low,6/16/2022,597047984,7/2/2022,8621,  651.21 € ,  524.96 € ,"  5,614,081.41 € ","  4,525,680.16 € ",  126.25 € 
C1468,Europe,Georgia,Came,Online,High,1/3/2021,146849286,1/23/2021,4822,  47.45 € ,  31.79 € ,"  228,803.90 € ","  153,291.38 € ",  15.66 € 
C1545,Central America and Caribbean,The Bahamas,Orange,Offline,High,3/9/2022,154519546,3/15/2022,4622,  9.33 € ,  6.92 € ,"  43,123.26 € ","  31,984.24 € ",  2.41 € 
C1529,Europe,Ukraine,Orange,Offline,Critical,4/16/2020,152920091,5/17/2020,1308,  9.33 € ,  6.92 € ,"  12,203.64 € ","  9,051.36 € ",  2.41 € 
C6452,Africa,Djibouti,Oatmeal,Online,Critical,1/13/2020,645224750,2/14/2020,5197,  205.70 € ,  117.11 € ,"  1,069,022.90 € ","  608,620.67 € ",  88.59 € 
C8549,Central America and Caribbean,Honduras,Fish,Offline,Critical,10/20/2020,854919850,11/5/2020,8637,  651.21 € ,  524.96 € ,"  5,624,500.77 € ","  4,534,079.52 € ",  126.25 € 
C9758,Australia and Oceania,Palau,Oatmeal,Online,Critical,12/19/2020,975804221,1/13/2021,1008,  205.70 € ,  117.11 € ,"  207,345.60 € ","  118,046.88 € ",  88.59 € 
C8219,Europe,Portugal,Sunflower,Offline,Low,2/25/2022,821989190,3/11/2022,3723,  668.27 € ,  502.54 € ,"  2,487,969.21 € ","  1,870,956.42 € ",  165.73 € 
C2778,Africa,Iraq,Soy,Offline,Low,2/5/2022,277898585,3/6/2022,5222,  255.28 € ,  159.42 € ,"  1,333,072.16 € ","  832,491.24 € ",  95.86 € 
C6482,Asia,Philippines,Rice,Offline,Low,10/21/2021,648268735,11/17/2021,5979,  154.06 € ,  90.93 € ,"  921,124.74 € ","  543,670.47 € ",  63.13 € 
C6081,Central America and Caribbean,Barbados,Orange,Offline,Critical,3/31/2021,608148467,4/3/2021,3501,  9.33 € ,  6.92 € ,"  32,664.33 € ","  24,226.92 € ",  2.41 € 
C2528,Africa,Mozambique,Oatmeal,Online,Low,10/19/2020,252899110,11/5/2020,7321,  205.70 € ,  117.11 € ,"  1,505,929.70 € ","  857,362.31 € ",  88.59 € 
C6481,Europe,Vatican City,Orange,Online,High,9/1/2022,648194491,9/17/2022,4009,  9.33 € ,  6.92 € ,"  37,403.97 € ","  27,742.28 € ",  2.41 € 
C6800,Africa,Kuwait,Flour,Offline,High,11/20/2020,680020940,12/1/2020,2163,  152.58 € ,  97.44 € ,"  330,030.54 € ","  210,762.72 € ",  55.14 € 
C2046,Africa,Gabon,Soy,Offline,Critical,10/3/2022,204677283,10/3/2022,7411,  255.28 € ,  159.42 € ,"  1,891,880.08 € ","  1,181,461.62 € ",  95.86 € 
C4987,Asia,Brunei,Sorghum,Online,Medium,9/5/2021,498774850,10/22/2021,7417,  109.28 € ,  35.84 € ,"  810,529.76 € ","  265,825.28 € ",  73.44 € 
C2092,Africa,Iran,Orange,Online,High,6/22/2021,209237468,6/22/2021,6871,  9.33 € ,  6.92 € ,"  64,106.43 € ","  47,547.32 € ",  2.41 € 
C3033,Europe,Czech Republic,Corn,Offline,Critical,8/22/2020,303301465,9/16/2020,2498,  437.20 € ,  263.33 € ,"  1,092,125.60 € ","  657,798.34 € ",  173.87 € 
C9185,Australia and Oceania,Nauru,Meat,Offline,High,5/14/2022,918515670,6/7/2022,8053,  421.89 € ,  364.69 € ,"  3,397,480.17 € ","  2,936,848.57 € ",  57.20 € 
C9127,Europe,Monaco,Flour,Online,Low,9/1/2021,912741410,9/11/2021,9321,  152.58 € ,  97.44 € ,"  1,422,198.18 € ","  908,238.24 € ",  55.14 € 
C1141,Europe,Vatican City,Oatmeal,Offline,Low,2/9/2021,114152514,3/21/2021,9121,  205.70 € ,  117.11 € ,"  1,876,189.70 € ","  1,068,160.31 € ",  88.59 € 
C6712,Africa,Swaziland,Lemon,Online,Low,10/18/2020,671235311,11/15/2020,2300,  81.73 € ,  56.67 € ,"  187,979.00 € ","  130,341.00 € ",  25.06 € 
C3027,Central America and Caribbean,Barbados,Soy,Online,Medium,9/2/2022,302788627,10/3/2022,738,  255.28 € ,  159.42 € ,"  188,396.64 € ","  117,651.96 € ",  95.86 € 
C8479,Europe,Slovakia,Lemon,Online,Medium,6/29/2020,847923791,7/16/2020,8347,  81.73 € ,  56.67 € ,"  682,200.31 € ","  473,024.49 € ",  25.06 € 
C6160,Australia and Oceania,Tuvalu,Soy,Online,High,4/20/2021,616064631,6/1/2021,6070,  255.28 € ,  159.42 € ,"  1,549,549.60 € ","  967,679.40 € ",  95.86 € 
C2369,Europe,Austria,Orange,Offline,Medium,2/1/2021,236947476,2/28/2021,6879,  9.33 € ,  6.92 € ,"  64,181.07 € ","  47,602.68 € ",  2.41 € 
C4106,Australia and Oceania,Tonga,Sunflower,Online,High,7/16/2020,410621154,8/15/2020,779,  668.27 € ,  502.54 € ,"  520,582.33 € ","  391,478.66 € ",  165.73 € 
C5574,Central America and Caribbean,Dominica,Orange,Online,Low,10/1/2020,557446992,10/24/2020,9807,  9.33 € ,  6.92 € ,"  91,499.31 € ","  67,864.44 € ",  2.41 € 
C1680,Australia and Oceania,Samoa ,Corn,Offline,High,10/13/2021,168098819,10/28/2021,3031,  437.20 € ,  263.33 € ,"  1,325,153.20 € ","  798,153.23 € ",  173.87 € 
C1535,Australia and Oceania,Kiribati,Rice,Offline,High,3/30/2021,153562963,4/29/2021,1548,  154.06 € ,  90.93 € ,"  238,484.88 € ","  140,759.64 € ",  63.13 € 
C5951,Central America and Caribbean,Panama,Sorghum,Offline,Low,6/5/2021,595138251,7/4/2021,3489,  109.28 € ,  35.84 € ,"  381,277.92 € ","  125,045.76 € ",  73.44 € 
C2944,Asia,Uzbekistan,Soy,Online,Low,3/4/2022,294436013,4/11/2022,9014,  255.28 € ,  159.42 € ,"  2,301,093.92 € ","  1,437,011.88 € ",  95.86 € 
C8233,Africa,Swaziland,Soy,Online,Critical,4/16/2022,823380076,5/3/2022,5317,  255.28 € ,  159.42 € ,"  1,357,323.76 € ","  847,636.14 € ",  95.86 € 
C6742,Africa,Saudi Arabia,Orange,Online,High,12/31/2020,674206769,2/15/2021,1620,  9.33 € ,  6.92 € ,"  15,114.60 € ","  11,210.40 € ",  2.41 € 
C2094,Africa,Zambia,Fish,Offline,High,3/15/2022,209464919,4/20/2022,4179,  651.21 € ,  524.96 € ,"  2,721,406.59 € ","  2,193,807.84 € ",  126.25 € 
C3120,North America,Greenland,Soy,Online,High,8/17/2021,312015855,9/3/2021,1280,  255.28 € ,  159.42 € ,"  326,758.40 € ","  204,057.60 € ",  95.86 € 
C1350,Asia,Turkmenistan,Meat,Offline,Low,7/21/2022,135033404,7/26/2022,8240,  421.89 € ,  364.69 € ,"  3,476,373.60 € ","  3,005,045.60 € ",  57.20 € 
C2520,Central America and Caribbean,El Salvador,Soy,Offline,Medium,2/1/2020,252003896,3/2/2020,2408,  255.28 € ,  159.42 € ,"  614,714.24 € ","  383,883.36 € ",  95.86 € 
C4067,Africa,Pakistan,Soy,Offline,High,8/6/2022,406726157,8/13/2022,8163,  255.28 € ,  159.42 € ,"  2,083,850.64 € ","  1,301,345.46 € ",  95.86 € 
C8633,Africa,Libya,Lemon,Offline,Medium,9/15/2021,863311517,10/6/2021,1917,  81.73 € ,  56.67 € ,"  156,676.41 € ","  108,636.39 € ",  25.06 € 
C1561,Asia,Taiwan,Came,Offline,Critical,4/20/2022,156183803,5/28/2022,7113,  47.45 € ,  31.79 € ,"  337,511.85 € ","  226,122.27 € ",  15.66 € 
C9400,Europe,Macedonia,Came,Offline,Low,2/3/2021,940079343,3/17/2021,9223,  47.45 € ,  31.79 € ,"  437,631.35 € ","  293,199.17 € ",  15.66 € 
C5400,Australia and Oceania,Solomon Islands,Sunflower,Offline,High,5/7/2022,540046966,5/9/2022,753,  668.27 € ,  502.54 € ,"  503,207.31 € ","  378,412.62 € ",  165.73 € 
C4014,North America,Mexico,Came,Offline,Medium,2/22/2022,401447999,2/27/2022,6239,  47.45 € ,  31.79 € ,"  296,040.55 € ","  198,337.81 € ",  15.66 € 
C2399,Africa,Somalia,Lemon,Offline,High,4/8/2021,239956271,4/30/2021,7248,  81.73 € ,  56.67 € ,"  592,379.04 € ","  410,744.16 € ",  25.06 € 
C2915,Asia,Taiwan,Orange,Online,Medium,11/23/2020,291558110,1/1/2021,7379,  9.33 € ,  6.92 € ,"  68,846.07 € ","  51,062.68 € ",  2.41 € 
C8625,Central America and Caribbean,Cuba,Sunflower,Online,Critical,3/7/2021,862552344,4/5/2021,7261,  668.27 € ,  502.54 € ,"  4,852,308.47 € ","  3,648,942.94 € ",  165.73 € 
C9795,Australia and Oceania,Federated States of Micronesia,Orange,Offline,Critical,9/3/2022,979550302,10/3/2022,9557,  9.33 € ,  6.92 € ,"  89,166.81 € ","  66,134.44 € ",  2.41 € 
C6394,Australia and Oceania,Australia,Sunflower,Offline,High,1/17/2022,639475810,2/3/2022,3958,  668.27 € ,  502.54 € ,"  2,645,012.66 € ","  1,989,053.32 € ",  165.73 € 
C3595,Asia,Myanmar,Oatmeal,Offline,High,1/31/2022,359565198,3/1/2022,2187,  205.70 € ,  117.11 € ,"  449,865.90 € ","  256,119.57 € ",  88.59 € 
C7273,Europe,Montenegro,Oatmeal,Online,Low,9/9/2021,727367293,10/23/2021,3001,  205.70 € ,  117.11 € ,"  617,305.70 € ","  351,447.11 € ",  88.59 € 
C1507,Africa,Nigeria,Sorghum,Offline,Medium,3/2/2020,150743424,3/2/2020,7184,  109.28 € ,  35.84 € ,"  785,067.52 € ","  257,474.56 € ",  73.44 € 
C7078,Central America and Caribbean,The Bahamas,Rice,Online,High,7/4/2021,707867419,8/2/2021,2555,  154.06 € ,  90.93 € ,"  393,623.30 € ","  232,326.15 € ",  63.13 € 
C4972,Africa,Ethiopia,Flour,Offline,High,7/13/2021,497225606,8/2/2021,8961,  152.58 € ,  97.44 € ,"  1,367,269.38 € ","  873,159.84 € ",  55.14 € 
C3876,Australia and Oceania,Nauru,Rice,Offline,High,9/30/2020,387616813,10/5/2020,3283,  154.06 € ,  90.93 € ,"  505,778.98 € ","  298,523.19 € ",  63.13 € 
C8681,Central America and Caribbean,Haiti,Sunflower,Online,Low,1/27/2020,868152368,2/23/2020,4433,  668.27 € ,  502.54 € ,"  2,962,440.91 € ","  2,227,759.82 € ",  165.73 € 
C6982,Central America and Caribbean,Antigua and Barbuda ,Flour,Online,High,3/29/2022,698256099,4/14/2022,8351,  152.58 € ,  97.44 € ,"  1,274,195.58 € ","  813,721.44 € ",  55.14 € 
C9576,Europe,Slovenia,Meat,Online,Low,10/29/2021,957664334,11/18/2021,3013,  421.89 € ,  364.69 € ,"  1,271,154.57 € ","  1,098,810.97 € ",  57.20 € 
C9964,North America,Greenland,Fish,Online,Low,12/12/2020,996425902,1/2/2021,3422,  651.21 € ,  524.96 € ,"  2,228,440.62 € ","  1,796,413.12 € ",  126.25 € 
C6849,Africa,Burundi,Corn,Offline,Critical,2/13/2022,684902131,2/28/2022,6615,  437.20 € ,  263.33 € ,"  2,892,078.00 € ","  1,741,927.95 € ",  173.87 € 
C8637,Europe,Czech Republic,Fish,Offline,High,2/14/2021,863766849,3/24/2021,6660,  651.21 € ,  524.96 € ,"  4,337,058.60 € ","  3,496,233.60 € ",  126.25 € 
C1940,Africa,Equatorial Guinea,Fish,Offline,Medium,9/15/2022,194006383,10/22/2022,9655,  651.21 € ,  524.96 € ,"  6,287,432.55 € ","  5,068,488.80 € ",  126.25 € 
C1069,Central America and Caribbean,Dominican Republic,Sorghum,Offline,High,1/7/2022,106919562,2/25/2022,8729,  109.28 € ,  35.84 € ,"  953,905.12 € ","  312,847.36 € ",  73.44 € 
C7541,Europe,Poland,Lemon,Online,Critical,4/30/2020,754117715,5/24/2020,9045,  81.73 € ,  56.67 € ,"  739,247.85 € ","  512,580.15 € ",  25.06 € 
C5575,Europe,Albania,Orange,Offline,Critical,9/27/2020,557524669,11/16/2020,2794,  9.33 € ,  6.92 € ,"  26,068.02 € ","  19,334.48 € ",  2.41 € 
C2593,Africa,Sudan,Flour,Offline,Low,1/13/2021,259376752,2/10/2021,4200,  152.58 € ,  97.44 € ,"  640,836.00 € ","  409,248.00 € ",  55.14 € 
C6722,North America,Canada,Meat,Online,Low,10/31/2020,672222793,12/17/2020,4517,  421.89 € ,  364.69 € ,"  1,905,677.13 € ","  1,647,304.73 € ",  57.20 € 
C4289,Europe,Czech Republic,Oatmeal,Online,Low,2/24/2020,428924119,3/6/2020,7033,  205.70 € ,  117.11 € ,"  1,446,688.10 € ","  823,634.63 € ",  88.59 € 
C9326,Africa,Madagascar,Sunflower,Offline,Critical,10/30/2020,932654559,11/9/2020,2065,  668.27 € ,  502.54 € ,"  1,379,977.55 € ","  1,037,745.10 € ",  165.73 € 
C5069,Europe,Estonia,Came,Online,High,4/10/2022,506900441,4/10/2022,1960,  47.45 € ,  31.79 € ,"  93,002.00 € ","  62,308.40 € ",  15.66 € 
C2454,Africa,Ethiopia,Sorghum,Online,Medium,11/4/2022,245460593,11/27/2022,6099,  109.28 € ,  35.84 € ,"  666,498.72 € ","  218,588.16 € ",  73.44 € 
C8624,Africa,Republic of the Congo,Flour,Online,Medium,4/22/2021,862446343,5/26/2021,5893,  152.58 € ,  97.44 € ,"  899,153.94 € ","  574,213.92 € ",  55.14 € 
C4422,Europe,Croatia,Sunflower,Offline,Critical,2/13/2021,442281520,3/14/2021,9785,  668.27 € ,  502.54 € ,"  6,539,021.95 € ","  4,917,353.90 € ",  165.73 € 
C2897,Europe,Switzerland,Came,Offline,High,6/5/2020,289702451,6/18/2020,8248,  47.45 € ,  31.79 € ,"  391,367.60 € ","  262,203.92 € ",  15.66 € 
C8797,Africa,Angola,Came,Offline,Critical,1/23/2022,879757964,2/27/2022,8787,  47.45 € ,  31.79 € ,"  416,943.15 € ","  279,338.73 € ",  15.66 € 
C5078,Asia,Cambodia,Oatmeal,Offline,High,9/4/2020,507809388,9/5/2020,937,  205.70 € ,  117.11 € ,"  192,740.90 € ","  109,732.07 € ",  88.59 € 
C2395,Africa,Pakistan,Sunflower,Offline,Critical,5/6/2021,239530551,5/17/2021,1268,  668.27 € ,  502.54 € ,"  847,366.36 € ","  637,220.72 € ",  165.73 € 
C7609,Africa,Malawi,Soy,Online,Low,12/13/2020,760907781,1/6/2021,8376,  255.28 € ,  159.42 € ,"  2,138,225.28 € ","  1,335,301.92 € ",  95.86 € 
C1282,Africa,Botswana,Oatmeal,Offline,Low,1/29/2021,128239905,3/10/2021,7893,  205.70 € ,  117.11 € ,"  1,623,590.10 € ","  924,349.23 € ",  88.59 € 
C5181,Central America and Caribbean,Saint Vincent and the Grenadines,Soy,Online,Critical,11/8/2020,518138253,11/28/2020,7478,  255.28 € ,  159.42 € ,"  1,908,983.84 € ","  1,192,142.76 € ",  95.86 € 
C5775,Australia and Oceania,Kiribati,Flour,Online,High,3/26/2021,577526652,4/10/2021,1825,  152.58 € ,  97.44 € ,"  278,458.50 € ","  177,828.00 € ",  55.14 € 
C3736,Central America and Caribbean,Honduras,Fish,Offline,Low,9/18/2020,373641431,10/28/2020,7657,  651.21 € ,  524.96 € ,"  4,986,314.97 € ","  4,019,618.72 € ",  126.25 € 
C9440,Africa,Israel,Meat,Offline,Low,6/27/2022,944031417,8/12/2022,8730,  421.89 € ,  364.69 € ,"  3,683,099.70 € ","  3,183,743.70 € ",  57.20 € 
C2465,Asia,Brunei,Came,Online,Low,7/27/2021,246557939,9/14/2021,828,  47.45 € ,  31.79 € ,"  39,288.60 € ","  26,322.12 € ",  15.66 € 
C8093,Africa,Senegal,Fish,Online,Low,7/9/2020,809394824,7/9/2020,6770,  651.21 € ,  524.96 € ,"  4,408,691.70 € ","  3,553,979.20 € ",  126.25 € 
C2810,Europe,Iceland,Rice,Offline,High,4/24/2022,281028401,5/14/2022,1404,  154.06 € ,  90.93 € ,"  216,300.24 € ","  127,665.72 € ",  63.13 € 
C8802,Central America and Caribbean,Haiti,Fish,Offline,Low,4/20/2020,880257499,5/1/2020,6610,  651.21 € ,  524.96 € ,"  4,304,498.10 € ","  3,469,985.60 € ",  126.25 € 
C8461,Europe,Switzerland,Soy,Online,Medium,7/20/2022,846193444,9/2/2022,6299,  255.28 € ,  159.42 € ,"  1,608,008.72 € ","  1,004,186.58 € ",  95.86 € 
C2882,Europe,Italy,Meat,Offline,High,10/18/2021,288260066,11/10/2021,1414,  421.89 € ,  364.69 € ,"  596,552.46 € ","  515,671.66 € ",  57.20 € 
C7361,Europe,Romania,Oatmeal,Online,Medium,8/12/2022,736193692,9/1/2022,4928,  205.70 € ,  117.11 € ,"  1,013,689.60 € ","  577,118.08 € ",  88.59 € 
C1900,Europe,Georgia,Oatmeal,Offline,Critical,10/30/2022,190043151,12/13/2022,6846,  205.70 € ,  117.11 € ,"  1,408,222.20 € ","  801,735.06 € ",  88.59 € 
C7701,North America,United States of America,Meat,Offline,Medium,9/4/2020,770169770,9/18/2020,9205,  421.89 € ,  364.69 € ,"  3,883,497.45 € ","  3,356,971.45 € ",  57.20 € 
C1672,Australia and Oceania,Kiribati,Fish,Offline,Critical,12/7/2021,167247378,1/18/2022,1071,  651.21 € ,  524.96 € ,"  697,445.91 € ","  562,232.16 € ",  126.25 € 
C1922,Europe,Bosnia and Herzegovina,Flour,Online,Critical,5/8/2021,192262303,5/8/2021,3543,  152.58 € ,  97.44 € ,"  540,590.94 € ","  345,229.92 € ",  55.14 € 
C9265,Africa,Mauritius ,Lemon,Offline,Medium,3/23/2021,926513373,3/23/2021,4751,  81.73 € ,  56.67 € ,"  388,299.23 € ","  269,239.17 € ",  25.06 € 
C2716,North America,Greenland,Meat,Online,Medium,5/23/2021,271611917,6/9/2021,4857,  421.89 € ,  364.69 € ,"  2,049,119.73 € ","  1,771,299.33 € ",  57.20 € 
C6994,Africa,Zimbabwe,Fish,Online,Critical,8/31/2020,699481761,9/14/2020,1052,  651.21 € ,  524.96 € ,"  685,072.92 € ","  552,257.92 € ",  126.25 € 
C7023,Europe,Belgium,Sorghum,Offline,Medium,2/12/2021,702359235,3/1/2021,2560,  109.28 € ,  35.84 € ,"  279,756.80 € ","  91,750.40 € ",  73.44 € 
C6427,Europe,Luxembourg,Rice,Online,Medium,12/9/2020,642793166,1/19/2021,5637,  154.06 € ,  90.93 € ,"  868,436.22 € ","  512,572.41 € ",  63.13 € 
C5036,Africa,Sudan,Fish,Online,Low,7/28/2021,503644883,8/9/2021,8568,  651.21 € ,  524.96 € ,"  5,579,567.28 € ","  4,497,857.28 € ",  126.25 € 
C3380,Africa,Cote d'Ivoire,Lemon,Online,High,7/31/2020,338088214,9/18/2020,6670,  81.73 € ,  56.67 € ,"  545,139.10 € ","  377,988.90 € ",  25.06 € 
C7196,Africa,Rwanda,Oatmeal,Offline,Medium,8/24/2021,719609487,9/21/2021,7293,  205.70 € ,  117.11 € ,"  1,500,170.10 € ","  854,083.23 € ",  88.59 € 
C4920,North America,Mexico,Rice,Online,Medium,9/14/2021,492007529,10/4/2021,4816,  154.06 € ,  90.93 € ,"  741,952.96 € ","  437,918.88 € ",  63.13 € 
C8193,Australia and Oceania,Tuvalu,Rice,Offline,Critical,12/12/2020,819393670,12/16/2020,5651,  154.06 € ,  90.93 € ,"  870,593.06 € ","  513,845.43 € ",  63.13 € 
C2361,Africa,Guinea-Bissau,Orange,Offline,Critical,5/31/2021,236191737,6/1/2021,3239,  9.33 € ,  6.92 € ,"  30,219.87 € ","  22,413.88 € ",  2.41 € 
C4971,Europe,Greece,Oatmeal,Online,Critical,8/31/2022,497138059,10/12/2022,3054,  205.70 € ,  117.11 € ,"  628,207.80 € ","  357,653.94 € ",  88.59 € 
C7272,Central America and Caribbean,Haiti,Came,Online,Low,5/23/2020,727281463,7/11/2020,7601,  47.45 € ,  31.79 € ,"  360,667.45 € ","  241,635.79 € ",  15.66 € 
C5719,Africa,Yemen,Meat,Online,Medium,2/11/2022,571983277,2/14/2022,1417,  421.89 € ,  364.69 € ,"  597,818.13 € ","  516,765.73 € ",  57.20 € 
C6469,Europe,Russia,Lemon,Offline,Low,1/13/2020,646917331,2/13/2020,6069,  81.73 € ,  56.67 € ,"  496,019.37 € ","  343,930.23 € ",  25.06 € 
C2880,Africa,Tunisia ,Soy,Offline,Medium,1/18/2021,288069951,2/3/2021,5155,  255.28 € ,  159.42 € ,"  1,315,968.40 € ","  821,810.10 € ",  95.86 € 
C7017,Asia,India,Rice,Online,Medium,6/14/2022,701739966,7/16/2022,9305,  154.06 € ,  90.93 € ,"  1,433,528.30 € ","  846,103.65 € ",  63.13 € 
C9145,Asia,Taiwan,Oatmeal,Online,High,12/9/2021,914538705,12/26/2021,1181,  205.70 € ,  117.11 € ,"  242,931.70 € ","  138,306.91 € ",  88.59 € 
C9233,Africa,Morocco,Flour,Offline,High,11/23/2021,923389995,1/9/2022,474,  152.58 € ,  97.44 € ,"  72,322.92 € ","  46,186.56 € ",  55.14 € 
C3455,Africa,Zimbabwe,Came,Online,Medium,4/1/2022,345530164,4/9/2022,8909,  47.45 € ,  31.79 € ,"  422,732.05 € ","  283,217.11 € ",  15.66 € 
C6685,Africa,Lebanon,Sorghum,Online,Low,11/25/2021,668508040,12/25/2021,5240,  109.28 € ,  35.84 € ,"  572,627.20 € ","  187,801.60 € ",  73.44 € 
C3001,Australia and Oceania,Federated States of Micronesia,Fish,Offline,High,2/27/2020,300184953,2/29/2020,253,  651.21 € ,  524.96 € ,"  164,756.13 € ","  132,814.88 € ",  126.25 € 
C4187,Europe,Macedonia,Orange,Online,Low,1/3/2021,418734729,1/6/2021,1766,  9.33 € ,  6.92 € ,"  16,476.78 € ","  12,220.72 € ",  2.41 € 
C9226,Africa,Ghana,Corn,Online,Medium,4/11/2020,922643697,5/7/2020,9628,  437.20 € ,  263.33 € ,"  4,209,361.60 € ","  2,535,341.24 € ",  173.87 € 
C8807,North America,Greenland,Fish,Offline,High,4/30/2021,880710685,6/19/2021,718,  651.21 € ,  524.96 € ,"  467,568.78 € ","  376,921.28 € ",  126.25 € 
C7820,Africa,Bahrain,Sunflower,Online,Low,3/20/2022,782047021,4/6/2022,3947,  668.27 € ,  502.54 € ,"  2,637,661.69 € ","  1,983,525.38 € ",  165.73 € 
C2860,Europe,Serbia,Soy,Offline,Critical,10/29/2022,286076533,11/10/2022,5258,  255.28 € ,  159.42 € ,"  1,342,262.24 € ","  838,230.36 € ",  95.86 € 
C4725,Africa,Lebanon,Soy,Offline,High,8/1/2020,472535550,8/29/2020,2625,  255.28 € ,  159.42 € ,"  670,110.00 € ","  418,477.50 € ",  95.86 € 
C6914,Europe,Monaco,Meat,Online,High,6/19/2020,691472899,8/7/2020,1052,  421.89 € ,  364.69 € ,"  443,828.28 € ","  383,653.88 € ",  57.20 € 
C8132,Africa,Iran,Soy,Online,High,2/18/2022,813249909,3/10/2022,7575,  255.28 € ,  159.42 € ,"  1,933,746.00 € ","  1,207,606.50 € ",  95.86 € 
C7785,Africa,Mauritius ,Orange,Online,Medium,5/12/2021,778540408,6/9/2021,6263,  9.33 € ,  6.92 € ,"  58,433.79 € ","  43,339.96 € ",  2.41 € 
C1483,Central America and Caribbean,Saint Kitts and Nevis ,Meat,Online,Critical,1/17/2020,148330724,2/7/2020,3212,  421.89 € ,  364.69 € ,"  1,355,110.68 € ","  1,171,384.28 € ",  57.20 € 
C3539,Europe,Bulgaria,Orange,Online,Low,11/27/2021,353919684,1/1/2022,1554,  9.33 € ,  6.92 € ,"  14,498.82 € ","  10,753.68 € ",  2.41 € 
C6469,Europe,Italy,Sorghum,Offline,Medium,7/1/2022,646918618,7/19/2022,6450,  109.28 € ,  35.84 € ,"  704,856.00 € ","  231,168.00 € ",  73.44 € 
C3492,Africa,Namibia,Rice,Offline,Low,1/23/2022,349251353,2/3/2022,91,  154.06 € ,  90.93 € ,"  14,019.46 € ","  8,274.63 € ",  63.13 € 
C2031,Europe,San Marino,Came,Online,Medium,3/31/2021,203154218,4/13/2021,6702,  47.45 € ,  31.79 € ,"  318,009.90 € ","  213,056.58 € ",  15.66 € 
C1211,Central America and Caribbean,The Bahamas,Came,Offline,Low,7/8/2022,121176040,7/23/2022,7538,  47.45 € ,  31.79 € ,"  357,678.10 € ","  239,633.02 € ",  15.66 € 
C5361,Africa,Lebanon,Soy,Online,Low,3/7/2020,536178147,3/27/2020,5884,  255.28 € ,  159.42 € ,"  1,502,067.52 € ","  938,027.28 € ",  95.86 € 
C1513,Australia and Oceania,Australia,Rice,Online,High,10/21/2021,151334369,11/7/2021,2058,  154.06 € ,  90.93 € ,"  317,055.48 € ","  187,133.94 € ",  63.13 € 
C8901,Asia,Tajikistan,Lemon,Online,Low,1/23/2021,890131032,2/5/2021,8408,  81.73 € ,  56.67 € ,"  687,185.84 € ","  476,481.36 € ",  25.06 € 
C2463,Central America and Caribbean,El Salvador,Sunflower,Online,High,1/14/2022,246366965,3/5/2022,4315,  668.27 € ,  502.54 € ,"  2,883,585.05 € ","  2,168,460.10 € ",  165.73 € 
C7341,Asia,Indonesia,Oatmeal,Online,Low,8/21/2020,734153497,9/22/2020,1189,  205.70 € ,  117.11 € ,"  244,577.30 € ","  139,243.79 € ",  88.59 € 
C4379,Europe,Sweden,Lemon,Offline,Medium,4/27/2020,437914454,5/2/2020,7473,  81.73 € ,  56.67 € ,"  610,768.29 € ","  423,494.91 € ",  25.06 € 
C6623,Australia and Oceania,Tonga,Sunflower,Offline,High,2/1/2022,662386167,3/1/2022,3641,  668.27 € ,  502.54 € ,"  2,433,171.07 € ","  1,829,748.14 € ",  165.73 € 
C9826,Africa,Mozambique,Sorghum,Online,Medium,3/12/2020,982617461,4/25/2020,7198,  109.28 € ,  35.84 € ,"  786,597.44 € ","  257,976.32 € ",  73.44 € 
C5939,Europe,Andorra,Corn,Online,Critical,9/25/2020,593969666,10/8/2020,7678,  437.20 € ,  263.33 € ,"  3,356,821.60 € ","  2,021,847.74 € ",  173.87 € 
C5621,Australia and Oceania,Solomon Islands,Rice,Online,High,3/13/2020,562116611,4/16/2020,1651,  154.06 € ,  90.93 € ,"  254,353.06 € ","  150,125.43 € ",  63.13 € 
C6730,Europe,Romania,Rice,Offline,Medium,3/11/2021,673044621,3/26/2021,7715,  154.06 € ,  90.93 € ,"  1,188,572.90 € ","  701,524.95 € ",  63.13 € 
C7830,Central America and Caribbean,Saint Vincent and the Grenadines,Fish,Offline,High,6/10/2022,783052527,6/17/2022,1499,  651.21 € ,  524.96 € ,"  976,163.79 € ","  786,915.04 € ",  126.25 € 
C3687,Europe,France,Meat,Offline,Low,3/17/2020,368751657,4/7/2020,664,  421.89 € ,  364.69 € ,"  280,134.96 € ","  242,154.16 € ",  57.20 € 
C7770,Africa,The Gambia,Sunflower,Offline,Low,3/4/2021,777065837,3/12/2021,9904,  668.27 € ,  502.54 € ,"  6,618,546.08 € ","  4,977,156.16 € ",  165.73 € 
C2752,Australia and Oceania,Samoa ,Flour,Offline,Low,12/19/2020,275231397,1/21/2021,5941,  152.58 € ,  97.44 € ,"  906,477.78 € ","  578,891.04 € ",  55.14 € 
C8007,Europe,Serbia,Sorghum,Offline,Medium,10/15/2022,800797164,12/1/2022,2531,  109.28 € ,  35.84 € ,"  276,587.68 € ","  90,711.04 € ",  73.44 € 
C3116,Central America and Caribbean,Saint Vincent and the Grenadines,Corn,Online,High,8/25/2021,311624467,9/8/2021,5460,  437.20 € ,  263.33 € ,"  2,387,112.00 € ","  1,437,781.80 € ",  173.87 € 
C4358,Africa,Syria,Came,Offline,Low,2/11/2020,435887134,3/21/2020,7544,  47.45 € ,  31.79 € ,"  357,962.80 € ","  239,823.76 € ",  15.66 € 
C6220,Australia and Oceania,Australia,Rice,Offline,High,2/22/2021,622071492,4/3/2021,3633,  154.06 € ,  90.93 € ,"  559,699.98 € ","  330,348.69 € ",  63.13 € 
C3889,Africa,Cote d'Ivoire,Corn,Offline,Medium,12/20/2020,388976371,1/9/2021,5607,  437.20 € ,  263.33 € ,"  2,451,380.40 € ","  1,476,491.31 € ",  173.87 € 
C6757,Central America and Caribbean,Dominican Republic,Lemon,Online,Critical,12/5/2021,675713098,1/23/2022,7376,  81.73 € ,  56.67 € ,"  602,840.48 € ","  417,997.92 € ",  25.06 € 
C6917,Africa,Rwanda,Orange,Online,Medium,6/21/2022,691705501,7/24/2022,9884,  9.33 € ,  6.92 € ,"  92,217.72 € ","  68,397.28 € ",  2.41 € 
C1666,Africa,Chad,Corn,Online,Medium,6/17/2021,166689908,7/29/2021,6103,  437.20 € ,  263.33 € ,"  2,668,231.60 € ","  1,607,102.99 € ",  173.87 € 
C7007,Africa,Kenya,Sunflower,Offline,High,6/9/2022,700715148,7/14/2022,6039,  668.27 € ,  502.54 € ,"  4,035,682.53 € ","  3,034,839.06 € ",  165.73 € 
C8141,Central America and Caribbean,Belize,Came,Online,Medium,10/11/2020,814142549,11/14/2020,1727,  47.45 € ,  31.79 € ,"  81,946.15 € ","  54,901.33 € ",  15.66 € 
C8976,Australia and Oceania,Palau,Flour,Offline,Critical,4/6/2022,897645938,5/23/2022,2236,  152.58 € ,  97.44 € ,"  341,168.88 € ","  217,875.84 € ",  55.14 € 
C9622,Africa,Equatorial Guinea,Fish,Offline,High,8/21/2021,962211644,10/9/2021,8663,  651.21 € ,  524.96 € ,"  5,641,432.23 € ","  4,547,728.48 € ",  126.25 € 
C1891,Asia,Kyrgyzstan,Sunflower,Offline,Low,3/14/2021,189138495,3/14/2021,9139,  668.27 € ,  502.54 € ,"  6,107,319.53 € ","  4,592,713.06 € ",  165.73 € 
C9800,Asia,Bangladesh,Orange,Online,Low,10/15/2020,980037820,11/10/2020,3824,  9.33 € ,  6.92 € ,"  35,677.92 € ","  26,462.08 € ",  2.41 € 
C4068,Asia,Bhutan,Soy,Online,High,1/28/2022,406833446,3/9/2022,9912,  255.28 € ,  159.42 € ,"  2,530,335.36 € ","  1,580,171.04 € ",  95.86 € 
C5617,Europe,Macedonia,Meat,Offline,Low,6/1/2021,561761701,6/18/2021,6626,  421.89 € ,  364.69 € ,"  2,795,443.14 € ","  2,416,435.94 € ",  57.20 € 
C9073,Australia and Oceania,Samoa ,Rice,Offline,Critical,9/18/2022,907371413,10/11/2022,220,  154.06 € ,  90.93 € ,"  33,893.20 € ","  20,004.60 € ",  63.13 € 
C5265,Europe,Austria,Came,Online,Medium,9/11/2021,526523911,10/16/2021,8981,  47.45 € ,  31.79 € ,"  426,148.45 € ","  285,505.99 € ",  15.66 € 
C3723,Europe,Italy,Came,Online,High,8/24/2021,372393023,9/12/2021,8226,  47.45 € ,  31.79 € ,"  390,323.70 € ","  261,504.54 € ",  15.66 € 
C1184,Africa,Bahrain,Fish,Offline,Medium,7/11/2020,118465077,7/16/2020,5304,  651.21 € ,  524.96 € ,"  3,454,017.84 € ","  2,784,387.84 € ",  126.25 € 
C4085,Australia and Oceania,Australia,Flour,Offline,Critical,12/26/2020,408538901,1/5/2021,4594,  152.58 € ,  97.44 € ,"  700,952.52 € ","  447,639.36 € ",  55.14 € 
C6067,Africa,Nigeria,Corn,Online,Low,5/15/2020,606725823,5/31/2020,2509,  437.20 € ,  263.33 € ,"  1,096,934.80 € ","  660,694.97 € ",  173.87 € 
C1474,Europe,Spain,Sorghum,Offline,Critical,9/13/2020,147449672,10/26/2020,2489,  109.28 € ,  35.84 € ,"  271,997.92 € ","  89,205.76 € ",  73.44 € 
C7854,Europe,Hungary,Meat,Online,Medium,7/22/2021,785446774,8/11/2021,10,  421.89 € ,  364.69 € ,"  4,218.90 € ","  3,646.90 € ",  57.20 € 
C7457,Europe,Bosnia and Herzegovina,Rice,Offline,Low,6/22/2021,745765960,7/14/2021,7575,  154.06 € ,  90.93 € ,"  1,167,004.50 € ","  688,794.75 € ",  63.13 € 
C5737,Asia,South Korea,Corn,Online,Critical,4/5/2022,573768556,5/5/2022,9721,  437.20 € ,  263.33 € ,"  4,250,021.20 € ","  2,559,830.93 € ",  173.87 € 
C8851,Africa,The Gambia,Flour,Offline,Low,11/2/2021,885128390,11/20/2021,8015,  152.58 € ,  97.44 € ,"  1,222,928.70 € ","  780,981.60 € ",  55.14 € 
C1158,Europe,Norway,Came,Online,Low,5/19/2021,115831792,6/9/2021,6056,  47.45 € ,  31.79 € ,"  287,357.20 € ","  192,520.24 € ",  15.66 € 
C3721,North America,Mexico,Orange,Offline,Medium,1/16/2021,372177588,1/30/2021,4474,  9.33 € ,  6.92 € ,"  41,742.42 € ","  30,960.08 € ",  2.41 € 
C6807,Europe,France,Corn,Offline,Low,5/20/2021,680777108,6/22/2021,5930,  437.20 € ,  263.33 € ,"  2,592,596.00 € ","  1,561,546.90 € ",  173.87 € 
C1385,Central America and Caribbean,Belize,Orange,Offline,High,12/3/2021,138554179,12/6/2021,115,  9.33 € ,  6.92 € ,"  1,072.95 € ",  795.80 € ,  2.41 € 
C1627,Africa,Malawi,Came,Online,High,8/4/2022,162745130,8/19/2022,8755,  47.45 € ,  31.79 € ,"  415,424.75 € ","  278,321.45 € ",  15.66 € 
C4408,Asia,India,Lemon,Offline,Critical,4/17/2022,440898787,6/1/2022,604,  81.73 € ,  56.67 € ,"  49,364.92 € ","  34,228.68 € ",  25.06 € 
C2808,Asia,Tajikistan,Orange,Online,Medium,4/29/2020,280876481,5/31/2020,6447,  9.33 € ,  6.92 € ,"  60,150.51 € ","  44,613.24 € ",  2.41 € 
C8608,Europe,Finland,Rice,Online,Low,9/9/2020,860852038,9/15/2020,4103,  154.06 € ,  90.93 € ,"  632,108.18 € ","  373,085.79 € ",  63.13 € 
C2793,Africa,Rwanda,Sorghum,Offline,Critical,1/22/2022,279311788,2/1/2022,3420,  109.28 € ,  35.84 € ,"  373,737.60 € ","  122,572.80 € ",  73.44 € 